2174 3374
496 510 665 552 Minois
698 510 880 565 regiam,
902 508 932 561 l)
976 511 1215 564 prodiisse,
1250 511 1414 554 deinde
1447 511 1645 554 Minoem
1681 512 1968 573 altercatiowne
2003 514 2057 556 de

493 591 574 622 sua
607 580 866 634 Theseique
900 582 1071 636 origine
1107 584 1260 624 exorta
1289 594 1388 625 cum
1418 582 1598 625 Theseo
1618 595 1799 626 scenam
1820 585 2058 639 reliquisse

494 653 536 693 et
569 651 624 693 ad
658 651 762 693 litus
797 652 1048 703 revertisse,
1083 653 1158 695 ubi
1193 652 1399 696 Theseus
1434 654 1476 695 in
1513 666 1631 697 mare
1661 666 1709 697 se
1745 656 2059 710 praecipitaret

493 721 548 763 ad
583 721 764 764 anulum
799 723 1132 776 reportandum.
1168 721 1312 766 Scena
1340 723 1540 778 protecto
1571 725 1784 780 languida
1813 728 1854 768 et
1876 726 2057 768 minime

493 793 598 846 apta
659 793 715 834 ad
765 795 1067 847 spectatorum
1117 795 1294 837 animos
1341 795 1637 837 vinciendos!
1687 794 1865 846 Quanto
1915 798 2059 852 magis
2120 791 2127 795 χ

493 863 683 905 lectores
726 863 939 918 abreptos
983 867 1102 907 tenet
1144 864 1431 919 Bacchylidis
1475 878 1667 917 carmen,
1703 867 1746 908 in
1781 879 1871 921 quo
1905 867 2058 910 Minos

493 935 763 989 depingitur,
809 936 883 989 qui
931 936 994 978 ira
1037 940 1290 979 commotus
1333 939 1374 978 et
1406 936 1585 979 Theseo
1620 937 1841 980 insultans
1876 938 2056 980 anulum

494 1006 549 1047 de
583 1005 723 1060 digito
756 1007 888 1048 trahit
919 1010 960 1050 et
989 1008 1032 1049 in
1075 1019 1194 1050 mare
1224 1008 1360 1050 deicit
1388 1010 1521 1062 atque
1550 1007 1771 1059 Theseus,
1802 1009 1877 1063 qui
1908 1010 2056 1051 statim

494 1088 547 1118 ex
590 1078 690 1130 ipsa
734 1089 845 1120 nave
880 1079 923 1120 in
958 1079 1104 1122 undas
1137 1079 1439 1134 submergitur
1471 1080 1527 1122 ad
1564 1092 1664 1122 eum
1700 1081 2056 1134 recuperandum

493 1150 535 1190 et
567 1148 703 1202 paulo
738 1151 842 1202 post
874 1152 975 1191 ante
1010 1150 1169 1192 oculos
1203 1151 1413 1192 iuvenum
1449 1151 1535 1192 iam
1570 1151 1624 1192 de
1655 1151 1786 1193 ducis
1815 1154 1883 1193 sui
1913 1151 2057 1193 salute

491 1219 827 1272 desperantium
863 1231 917 1262 ex
950 1231 1147 1274 aequore
1180 1231 1228 1263 se
1261 1221 1377 1263 tollit
1410 1224 1452 1263 et
1485 1221 1673 1276 originis
1706 1222 1886 1264 divinae
1917 1222 2058 1277 insig-

493 1289 627 1332 nibus
661 1292 844 1333 ornatus
878 1302 1037 1334 navem
1073 1292 1351 1334 conscendit.

551 1360 604 1403 At
645 1362 881 1404 mutaverit
923 1374 1031 1405 sane
1076 1363 1315 1417 Euripides
1352 1363 1549 1405 fabulam
1595 1375 1647 1406 ea
1691 1364 1875 1414 ratione,
1921 1375 2055 1418 quam

493 1431 583 1473 dixi
634 1431 841 1475 Theseus
876 1444 981 1488 ergo
1015 1433 1168 1476 salvus
1202 1445 1226 1476 a
1260 1434 1386 1476 litore
1422 1434 1535 1476 redit
1567 1445 1780 1476 coronam
1813 1434 2056 1489 fulgentem

493 1505 662 1553 tenens,
699 1514 832 1557 quam
867 1504 1063 1558 superbe
1096 1504 1238 1546 Minoi
1274 1506 1489 1556 ostentat;
1525 1516 1616 1559 quo
1648 1504 1766 1547 facto
1801 1505 1910 1547 nihil
1935 1505 2056 1547 aliud

493 1573 688 1615 lucratus
717 1576 783 1616 est
812 1575 896 1617 nisi
918 1575 1041 1629 quod
1061 1577 1287 1629 tamquam
1309 1587 1447 1630 purus
1467 1578 1602 1630 putus
1619 1575 1814 1630 Neptuni
1835 1575 1967 1618 iilius.
1988 1609 1996 1618 .
2018 1610 2025 1618 .
2048 1609 2056 1618 .

491 1655 516 1686 a
564 1644 820 1687 Minotauro
869 1646 1187 1688 devorabitur!
1248 1644 1381 1697 Quod
1432 1647 1566 1690 nimis
1618 1649 1737 1696 esset
1780 1646 2056 1690 absurdum!

492 1714 647 1769 Mayer
673 1716 760 1758 hoc
790 1728 974 1771 quoque
1003 1717 1270 1772 intellegens
1293 1720 1478 1760 annotat
1496 1716 1530 1772 2)
1551 1731 1560 1759 :
1581 1717 1696 1769 „Ubi
1717 1718 1855 1760 semel
1875 1719 2057 1760 inducta

493 1788 559 1828 est
602 1798 769 1830 corona
814 1788 902 1839 illa,
943 1800 1030 1830 non
1066 1790 1234 1831 tantum
1269 1788 1325 1831 ad
1359 1788 1559 1831 Minoem
1594 1789 1874 1832 refutandum
1910 1800 1963 1831 ea
1995 1789 2055 1832 uti

490 1862 697 1906 Theseus
731 1860 960 1915 putandus
995 1862 1084 1910 est;
1119 1860 1199 1902 sed
1232 1860 1301 1902 vis
1335 1859 1488 1913 aliqua
1521 1862 1563 1902 et
1595 1860 1763 1903 utilitas
1797 1861 1840 1902 in
1870 1861 2055 1902 deorum

492 1934 613 1976 dono
662 1934 768 1977 insit
815 1929 1034 1987 oportet.'’
1084 1931 1235 1984 ltaque
1282 1930 1508 1973 Theseum
1558 1931 1613 1973 ad
1662 1943 1856 1974 coronae
1905 1931 2057 1973 radios

490 2005 714 2060 fulgentes
748 2017 770 2048 e
805 2003 1002 2046 tenebris
1022 2000 1050 2057 3)
1085 2002 1323 2056 labyrinthi
1358 2013 1459 2044 sese
1488 2002 1777 2056 expedivisse
1821 2003 2055 2045 existimat.

550 2075 604 2118 At
636 2076 802 2126 Minos,
837 2075 874 2117 si
909 2074 1118 2117 scivisset
1152 2084 1364 2115 coronam
1400 2072 1520 2114 illam
1554 2072 1798 2128 fulgentem
1834 2074 1999 2116 exitum
2034 2086 2057 2117 e

533 2247 563 2287 1)
597 2246 727 2279 Cratini
763 2244 974 2284 exemplum,
1009 2244 1043 2275 in
1061 2243 1163 2275 cuius
1195 2242 1409 2282 „Odysseis”
1441 2242 1541 2274 navis
1573 2242 1606 2274 in
1631 2250 1738 2274 scena
1762 2242 2057 2283 conspiciebatur,

489 2300 594 2333 nobis
617 2299 766 2332 tortasse
790 2297 1017 2337 persuaderet
1040 2296 1074 2328 in
1100 2295 1283 2334 „Theseo”
1307 2302 1449 2334 quoque
1473 2302 1545 2327 rem
1569 2294 1603 2326 in
1628 2302 1715 2327 nave
1735 2296 1788 2327 vel
1809 2302 1918 2335 prope
1932 2303 2055 2327 navem

490 2354 525 2385 in
554 2353 653 2385 litore
685 2353 796 2384 actam
828 2358 919 2387 esse,
950 2350 1017 2381 nisi
1050 2357 1105 2381 res
1137 2348 1346 2388 gravissima
1376 2348 1542 2380 obstaret.
1573 2347 1678 2380 Poeta
1703 2348 1795 2380 enirn
1820 2350 1997 2388 pastorem
2021 2349 2055 2380 in

491 2413 634 2438 scenam
664 2405 796 2436 inducit
825 2406 868 2441 (v.
892 2403 980 2435 infra
1004 2411 1035 2443 p.
1059 2402 1101 2434 90
1124 2401 1228 2441 sqq),
1259 2402 1318 2441 qui
1352 2401 1527 2433 Ariadnae
1552 2401 1687 2432 nuntiat
1711 2409 1749 2433 se
1773 2409 1902 2433 nomen
1925 2401 2056 2434 Thesei

490 2460 524 2491 in
559 2466 646 2491 nave
681 2457 923 2497 conspicatum
957 2464 1048 2494 esse,
1083 2455 1179 2495 quod
1215 2455 1410 2487 absurdum
1445 2454 1542 2491 foret,
1577 2453 1606 2485 si
1638 2454 1714 2493 ipsa
1740 2455 1838 2485 navis
1861 2454 2002 2486 adesset
2025 2455 2057 2486 et

489 2512 643 2544 Ariadna
673 2512 751 2551 ipsa
781 2518 910 2542 nomen
942 2510 1057 2549 legere
1086 2508 1270 2548 potuisset.
1302 2508 1411 2539 Immo
1443 2508 1566 2546 pastor
1596 2507 1651 2538 ille
1683 2507 1716 2538 in
1750 2506 1848 2539 litore
1871 2515 2002 2547 vagans
2026 2509 2058 2539 et

491 2572 575 2597 casu
611 2572 735 2596 navem
770 2564 925 2603 ignotam
960 2562 1096 2601 primus
1131 2561 1414 2593 animadvertens
1449 2561 1491 2592 ad
1527 2559 1656 2599 regiam
1698 2560 1765 2599 (vel
1800 2560 1906 2592 alium
1942 2561 2056 2592 locum

489 2618 610 2657 procul
635 2625 654 2649 a
678 2617 792 2655 litore)
815 2617 987 2656 properat,
1013 2617 1047 2647 ut
1071 2615 1222 2655 hospitis
1247 2614 1435 2646 adventum
1461 2613 1600 2645 deferat.

530 2670 563 2705 2)
588 2670 639 2702 De
664 2670 740 2702 Eur.
765 2669 921 2710 Mythop.
945 2677 977 2708 p.
1001 2667 1051 2699 64.

530 2723 564 2763 3)
588 2723 628 2754 cf.
654 2731 684 2762 p.
708 2722 757 2753 87.

491 2827 545 2869 78
