2174 3374
467 529 628 571 studiis
661 529 822 571 versati
857 528 1117 583 adstipulati
1152 528 1332 580 sunt1);
1371 530 1479 583 quin
1513 530 1646 572 huius
1679 531 1739 572 rei
1773 530 1887 572 adeo
1922 532 2026 573 sunt

469 599 588 647 certi,
634 601 680 641 ut
722 601 981 653 argumenta
1024 598 1177 641 afferre
1211 600 1561 654 supersederint.
1595 599 1661 641 An
1696 611 1849 642 revera
1881 600 2030 643 nullus

469 668 736 711 dubitationi
795 669 975 711 relictus
1028 670 1085 712 sit
1133 670 1274 721 locus,
1324 671 1405 713 erit
1451 670 1711 722 videndum,
1761 671 1884 725 prius
1932 672 2032 725 ipsa

469 740 622 782 fabula
655 740 906 782 accuratius
941 740 1158 794 inspecta.

528 811 573 852 In
617 811 938 853 venustissimo
983 810 1270 865 Bacchylidis
1314 812 1510 854 carmine
1554 811 1645 854 XVI
1681 812 1885 867 legImus,
1920 825 2032 867 quo-

471 882 606 924 modo
639 881 844 925 Theseus
878 894 977 924 cum
1007 882 1078 925 bis
1106 886 1278 937 septem
1309 883 1662 926 adulescentulis
1690 884 2032 939 virginibusque

469 951 645 996 Cretam
688 953 858 995 vehens
899 953 1100 996 Minoem
1145 965 1295 996 amore
1340 954 1572 1005 Eriboeae,
1603 955 1736 997 unius
1765 966 1819 996 ex
1853 954 2031 1009 puellis,

466 1024 725 1079 flagrantem
770 1036 976 1067 coercere
1021 1027 1218 1068 conetur.
1263 1025 1394 1068 Unde
1440 1026 1534 1068 rixa
1567 1027 1662 1068 orta
1695 1026 1861 1076 Minos,
1896 1038 2030 1080 quem

471 1096 649 1138 divinae
683 1095 871 1150 originis
899 1096 1076 1150 signum
1099 1099 1321 1150 petentem
1341 1096 1539 1151 Iuppiter
1555 1096 1722 1139 fulmen
1743 1108 1765 1139 e
1785 1097 1914 1139 coelo
1932 1097 2032 1139 mit-

468 1166 605 1208 tendo
630 1169 855 1219 tamquam
874 1166 1015 1208 tilium
1034 1177 1164 1208 suum
1185 1167 1403 1222 agnoscit,
1424 1167 1521 1221 ipse
1541 1167 1596 1209 de
1614 1167 1779 1209 Thesei
1800 1167 2031 1210 divinitate

470 1236 683 1278 dubitans
726 1236 908 1279 anulum
953 1248 1082 1279 suum
1128 1249 1309 1279 aureum
1354 1238 1397 1279 in
1442 1249 1562 1280 mare
1606 1238 1756 1289 abicit,
1800 1250 1934 1292 quern
1979 1250 2033 1280 ex

470 1308 604 1350 undis
652 1307 807 1350 tollere
855 1307 1082 1350 Theseum
1133 1308 1270 1359 iubet,
1320 1311 1366 1350 ut
1412 1308 1471 1350 ita
1519 1320 1567 1350 se
1616 1320 1769 1351 revera
1820 1308 2031 1363 Neptuno

470 1381 620 1421 natum
665 1390 766 1422 esse
811 1379 984 1433 probet.
1024 1379 1230 1422 Theseus
1265 1380 1307 1422 in
1343 1391 1461 1421 mare
1497 1379 1669 1431 desilit;
1705 1380 1944 1434 delphines
1977 1380 2032 1422 ad

469 1449 665 1504 Neptuni
701 1450 867 1505 regiam
902 1462 1002 1492 eurn
1038 1453 1229 1505 portant,
1265 1450 1340 1492 ubi
1376 1450 1514 1505 patris
1547 1462 1659 1492 uxor
1694 1450 1959 1505 Amphitrite
1992 1451 2030 1493 ei

470 1532 682 1563 coronam
732 1532 911 1563 auream
956 1521 1106 1571 donat,
1150 1533 1283 1575 quam
1329 1522 1429 1576 ipsa
1472 1521 1526 1563 ab
1569 1520 1819 1576 Aphrodita
1862 1522 2030 1564 donum

470 1593 717 1646 acceperat.
753 1591 897 1634 Heros
930 1592 1082 1635 salvus
1117 1604 1139 1634 e
1171 1592 1381 1635 fluctibus
1411 1593 1596 1647 emergit
1624 1594 1665 1634 et
1693 1604 1717 1634 a
1745 1593 1839 1635 suis
1868 1604 2031 1647 magno

470 1675 569 1705 curn
603 1663 769 1718 gaudio
803 1665 1017 1717 acceptus
1050 1675 1209 1705 navem
1245 1675 1396 1706 rursus
1430 1664 1710 1706 conscendit.

530 1732 768 1776 Simillima
801 1736 916 1785 sunt,
952 1746 1068 1788 quae
1102 1733 1351 1776 Pausanias
1377 1746 1401 1776 a
1428 1734 1609 1777 Micone
1638 1757 1691 1763 —-
1722 1734 1882 1794 partim
1900 1736 2031 1784 certe,

471 1816 571 1846 nam
601 1806 753 1845 Nixon)
787 1808 837 1845 οὐ
870 1810 940 1845 τὸν
972 1809 1111 1845 πάντα
1144 1808 1304 1860 ἔγραψε
1336 1807 1467 1858 λόγον
1504 1828 1556 1833 -
1587 1806 1630 1847 in
1664 1805 1830 1848 Thesei
1863 1805 2031 1860 ‘templo

469 1877 590 1932 picta
622 1876 762 1918 fuisse
797 1876 867 1924 ait,
893 1873 926 1928 2)
962 1876 1047 1918 nisi
1084 1877 1207 1930 quod
1242 1876 1394 1930 puella
1427 1879 1573 1918 amata
1606 1876 1666 1918 ibi
1702 1888 1792 1918 non
1826 1876 2032 1927 Eriboea,

471 1948 551 1990 sed
580 1947 798 1990 Periboea
826 1949 1011 1989 vocatur
1032 1950 1166 2001 atque
1186 1947 1364 1989 additur
1380 1946 1606 1990 Theseum
1627 1949 1802 2002 praeter
1818 1959 2031 1989 coronam

471 2019 602 2061 etiarn
646 2017 826 2061 anulum
857 2018 1026 2060 Minois
1059 2018 1297 2069 rettulisse,
1331 2018 1455 2072 quod
1489 2018 1800 2072 Bacchylides,
1835 2020 1954 2060 totus
1987 2018 2030 2060 in

471 2101 664 2132 coronae
684 2090 950 2139 narratione,
969 2101 1319 2132 commemorare
1339 2089 1548 2144 neglexit,
1568 2090 1686 2132 unde
1702 2089 2031 2141 Robertus(l.l.)

472 2161 720 2204 rectissime
749 2161 902 2203 effecit
920 2161 1041 2203 anuli
1071 2163 1379 2216 argumentum
1409 2173 1498 2203 non
1527 2172 1551 2203 a
1575 2160 1846 2215 Bacchylide
1875 2161 2032 2202 inven—

471 2234 576 2283 tum,
612 2232 692 2275 sed
727 2232 783 2274 ab
819 2244 871 2275 eo
907 2233 992 2274 iarn
1027 2232 1209 2274 aliunde
1243 2234 1525 2287 assumptum
1561 2243 1675 2274 esse.

531 2302 763 2346 Praeterea
805 2304 877 2345 hic
920 2304 1099 2358 mythus
1141 2304 1426 2346 confirmatur
1468 2306 1509 2345 et
1551 2303 1793 2345 illustratur
1825 2304 2033 2356 quattuor

471 2375 592 2417 vasis
636 2374 781 2417 rubris
822 2375 978 2430 figuris
1011 2375 1194 2426 ornatis,
1215 2372 1245 2425 3)
1291 2386 1480 2429 quorum
1515 2374 1878 2428 antiquissimum
1913 2385 2031 2415 anno

474 2446 646 2488 circiter
677 2445 766 2488 490
807 2445 863 2488 ab
907 2445 1168 2500 Euphronio
1214 2446 1383 2500 pictum
1424 2447 1503 2488 est.
1550 2443 1708 2488 Cetera
1741 2444 1859 2486 haud
1893 2444 2030 2486 multo

516 2584 546 2623 l)
570 2593 598 2615 v.
623 2584 758 2616 Wilam.
784 2585 930 2617 Hermes
952 2585 1009 2617 XV
1034 2593 1065 2625 p.
1089 2585 1166 2623 483;
1191 2584 1319 2618 Robert
1343 2585 1362 2616 l.
1378 2585 1413 2622 l.;
1437 2584 1568 2624 Mayer,
1591 2583 1642 2615 De
1667 2583 1744 2615 Eur.
1768 2583 1924 2623 Mythop.
1937 2591 1968 2623 p.
1981 2583 2030 2616 62.

512 2638 546 2677 2)
570 2637 672 2670 Paus.
697 2637 706 2669 I
733 2638 779 2676 17,
801 2638 830 2670 3.

513 2690 547 2730 3)
571 2690 709 2730 Optime
734 2699 774 2723 ea
798 2692 944 2724 collecta
968 2693 1070 2731 atque
1095 2692 1232 2731 depicta
1255 2691 1377 2723 videas
1400 2698 1419 2722 a
1442 2699 1472 2722 v.
1497 2690 1528 2722 d.
1553 2690 1590 2722 A.
1615 2689 1735 2727 Smith,
1755 2689 1873 2732 Journ.
1897 2689 2031 2722 ofHell.

473 2743 569 2776 Stud.
593 2744 690 2776 XVIII
714 2753 745 2784 p.
768 2744 830 2777 276
842 2753 918 2785 sqq.

474 2847 530 2890 76
