2174 3374
466 502 694 545 Wiinsche
737 504 890 553 treten‚
934 514 1021 544 von
1066 502 1211 544 denen
1255 501 1333 543 der
1365 502 1478 543 erste
1510 499 1578 542 fiir
1612 500 1683 542 die
1719 499 1908 564 Rettung
1942 511 2023 543 aus

466 573 566 614 dem
602 572 838 626 Labyrinth
872 571 1138 614 verbraucht
1168 570 1324 613 wird.’'

524 642 617 684 Iure
651 642 833 696 quidem
869 641 1089 687 Robertus
1121 641 1296 684 censuit
1323 652 1535 683 coronam
1565 641 1668 683 hinc
1697 640 1888 683 alienam
1909 651 2023 691 esse,

466 713 546 755 sed
588 724 666 754 cur
707 713 933 756 Theseum
978 715 1066 755 tres
1111 711 1211 754 illas
1256 711 1513 766 optationes
1557 723 1645 754 una
1678 723 1777 754 cum
1811 711 1946 754 anulo
1979 712 2023 753 in

464 782 605 825 fundo
654 784 788 826 maris
835 795 860 826 a
906 783 1117 838 Neptuno
1168 784 1290 837 patre
1339 782 1572 836 accepisse
1620 784 1706 824 tam
1751 782 2026 824 confidenter

466 853 666 904 affirmet,
700 866 769 896 me
804 854 985 908 quidem
1019 854 1142 909 fugit.
1179 852 1334 895 Potius
1366 852 1526 895 faciam
1561 864 1660 895 cum
1696 850 1920 907 Gruppio‚
1949 852 2025 906 qui

467 925 693 979 eleganter
725 926 918 968 coniecit
939 923 971 978 ¹)
1007 937 1059 968 ea
1092 927 1238 975 nocte,
1273 936 1362 979 qua
1393 923 1555 966 Aethra
1587 924 1772 979 gravida
1797 923 1914 966 facta
1947 925 2026 974 est,

467 996 670 1038 maritum
705 996 936 1038 mortalem
971 996 1169 1051 gladium
1204 998 1245 1038 et
1277 995 1442 1046 soleas,
1477 995 1679 1037 maritum
1710 994 1911 1037 divinum
1938 995 2027 1036 tres

467 1067 723 1120 optationes
755 1067 848 1108 filio
882 1066 1030 1108 futuro
1065 1066 1364 1108 concessisse.

526 1135 703 1187 Quibus
747 1137 789 1178 in
830 1137 1042 1191 periculis
1076 1136 1176 1178 illae
1216 1136 1472 1190 optationes
1505 1136 1684 1179 Theseo
1719 1135 1818 1178 usui
1852 1135 2027 1186 fuerint,

468 1218 551 1249 nos
594 1207 737 1250 docet>
770 1207 913 1250 schol.
958 1208 1012 1250 ad
1058 1207 1156 1249 Eur.
1192 1206 1326 1261 Hipp.
1361 1218 1426 1250 vs.
1465 1207 1604 1250 1348:
1638 1210 1717 1247 εἰσὶ
1751 1207 1794 1246 δὲ
1827 1210 1871 1246 αὶ
1905 1208 2027 1259 εὐχαὶ

469 1277 635 1330 Θησέως
687 1282 791 1333 πρὸς
843 1278 1098 1319 Ποσειδῶνα
1146 1285 1261 1332 τρεῖς·
1312 1284 1476 1332 πρῶτον
1524 1279 1730 1318 ἀνελθεῖν
1776 1280 1818 1327 ἐξ
1863 1276 2028 1326 ”Αιὸου,

467 1348 660 1403 δεύτερον
708 1352 752 1389 ἐκ
799 1350 1095 1403 Λαρὐρίνθου,
1146 1353 1279 1403 τρίτον
1328 1349 1588 1389 Ἱππολύτου
1629 1350 1834 1388 θάνατον.
1855 1344 1885 1402 ⁴3)
1928 1346 2028 1389 Non

469 1418 601 1473 igitur
625 1419 852 1474 intellego,
873 1431 963 1473 quo
988 1421 1250 1474 argumento
1269 1419 1396 1461 nisus
1415 1416 1603 1474 Gruppe
1623 1420 1747 1472 putet
1764 1423 1807 1459 τὸ
1825 1419 2030 1458 ἀνελθεῖν

469 1501 491 1531 e
524 1489 664 1532 fundo
699 1491 832 1532 maris
867 1491 1053 1545 primam
1089 1489 1294 1532 effecisse
1328 1489 1620 1544 optationem.
1655 1489 1699 1531 ln
1729 1488 1905 1532 scholio
1929 1499 2028 1531 cum

469 1559 870 1613 Wilamowitzioss)
917 1563 958 1603 et
1001 1557 1250 1613 Robertof)
1295 1571 1447 1602 verum
1481 1571 1697 1615 agnosco,
1717 1557 1748 1609 5)
1787 1559 1872 1602 nisi
1907 1558 2030 1613 quod

469 1631 581 1673 ordo
615 1643 639 1673 a
672 1632 917 1674 scholiasta
951 1632 1133 1686 paulum
1170 1631 1421 1682 invertitur;
1458 1631 1649 1685 primum
1679 1631 1796 1673 enim
1824 1629 2031 1672 Theseus

470 1702 786 1757 Labyrinthum
837 1703 1027 1753 intravit,
1078 1702 1241 1745 deinde
1290 1702 1345 1744 ad
1390 1701 1558 1744 inferos
1600 1701 1849 1752 descendit,
1884 1701 2031 1753 „denn

468 1796 524 1800 ——
559 1775 604 1815 ut
637 1773 812 1816 Wilam.
848 1773 999 1816 verbis
1033 1776 1128 1816 utar
1161 1796 1214 1801 —-
1259 1773 1366 1815 dass
1409 1773 1480 1815 die
1526 1772 1768 1815 Heimkehr
1805 1783 1886 1815 aus
1929 1772 2030 1814 dem

472 1843 622 1887 Hades
666 1845 723 1887 im
769 1848 914 1888 ersten
950 1844 1168 1899 Hippolyt
1201 1843 1398 1895 vorkam,
1435 1845 1509 1886 hat
1541 1855 1642 1887 man
1673 1844 1820 1899 l’angst
1847 1855 1929 1886 aus
1956 1844 2034 1886 der

514 1962 543 2001 1)
568 1960 625 1994 Gr.
651 1961 755 2001 Myth.
780 1961 790 1992 l
815 1969 846 2001 p.
870 1960 939 1993 597.

510 2014 543 2053 2)
567 2014 660 2046 ldem
685 2014 811 2046 iisdem
837 2014 906 2046 fere
931 2014 1047 2046 verbis
1071 2014 1182 2046 schol.
1206 2014 1260 2046 ad.
1286 2013 1387 2054 Hipp.
1412 2020 1461 2045 vs.
1484 2012 1525 2045 46
1548 2015 1581 2045 et
1601 2011 1672 2044 887.

510 2067 544 2107 3)
568 2067 714 2100 Hermes
738 2067 794 2099 XV
818 2075 849 2107 p.
873 2066 943 2099 483.

510 2121 543 2160 4)
567 2120 586 2152 l.
610 2121 630 2152 l.

510 2173 544 2213 5)
568 2173 705 2206 Frustra
728 2173 934 2213 obloquitur
957 2173 993 2205 R.
1019 2172 1181 2210 Holland,
1205 2172 1270 2205 Die
1294 2172 1385 2213 Sage
1409 2179 1478 2205 von
1503 2172 1675 2204 Daidalos
1698 2171 1769 2204 und
1794 2171 1924 2209 Ikaros,
1947 2171 2035 2210 1902,

470 2235 502 2265 p.
529 2227 565 2258 12
585 2227 653 2263 Al,
688 2226 877 2266 perhibens
910 2227 1090 2258 Theseum
1126 2233 1230 2258 unam
1265 2233 1306 2258 ex
1340 2225 1581 2265 optationibus
1614 2225 1658 2257 ad
1694 2232 1732 2256 se
1763 2232 1803 2256 ex
1838 2224 2034 2265 labyrintho

471 2279 728 2319 expediendum
764 2279 845 2312 ideo
868 2279 1036 2312 adhibere
1060 2287 1130 2312 non
1155 2278 1327 2319 potuisse,
1358 2278 1454 2317 „weil
1485 2278 1582 2310 diese
1607 2277 1749 2318 Losung
1773 2286 1815 2310 zu
1838 2278 2032 2310 aiisserlich

471 2333 514 2365 ist
537 2332 608 2364 und
634 2333 722 2364 auch
748 2332 808 2364 mit
832 2332 912 2364 dem
935 2341 1004 2364 von
1029 2333 1195 2372 Hartung‚
1219 2331 1297 2364 Eur.
1321 2331 1412 2365 Rest.
1437 2331 1447 2362 l
1471 2339 1502 2371 p.
1525 2331 1582 2363 551
1615 2331 1708 2363 wohl
1731 2331 1792 2363 mit
1815 2329 1921 2364 Recht
1944 2330 2034 2362 hier-

471 2386 531 2418 her
560 2393 762 2425 gezogenen
793 2385 831 2418 fr.
862 2386 927 2418 inc.
961 2385 1035 2418 1001
1069 2386 1183 2420 λίνου
1209 2385 1411 2431 κλωστῆρα
1437 2386 1636 2431 περιφέρει
1662 2384 1794 2426 λαβών
1822 2384 1869 2416 im
1899 2383 2034 2416 Wider-

471 2438 598 2476 spruch
623 2438 743 2470 steht”.
768 2437 881 2477 Quam
906 2438 1171 2478 repugnantiam
1196 2438 1361 2478 equidem
1385 2445 1455 2470 non
1480 2445 1649 2478 agnosco.
1672 2436 1761 2469 Nam
1785 2436 1874 2469 deus
1892 2435 2034 2475 quidem

472 2490 544 2522 filio
568 2491 784 2530 promiserat,
809 2498 889 2523 eum
913 2491 1050 2523 salvum
1075 2500 1092 2523 e
1117 2491 1314 2531 labyrintho
1337 2490 1526 2523 rediturum
1547 2497 1637 2527 esse,
1653 2490 1749 2529 quod
1763 2491 1877 2521 tamen
1893 2488 2035 2520 minime

471 2544 515 2575 ita
540 2546 592 2575 est
614 2544 871 2583 accipiendum,
895 2544 1059 2576 ut'heros
1082 2552 1177 2577 mera
1201 2545 1265 2576 hac
1290 2543 1543 2584 pollicitatione
1567 2543 1643 2575 sine
1664 2542 1736 2575 ullo
1748 2542 1880 2574 auxilio
1894 2542 2035 2573 externo

472 2596 547 2635 ipse
570 2597 752 2636 labyrinthi
777 2597 906 2629 exitum
931 2597 1109 2629 invenerit.
1151 2597 1244 2629 Nihil
1268 2598 1395 2634 obstat,
1419 2597 1611 2636 quominus
1633 2595 1839 2628 arbitremur
1860 2594 2034 2626 Ariadnae

473 2648 613 2687 glomus
648 2650 916 2681 instrumentum
951 2649 1072 2686 fuisse,
1107 2657 1179 2688 quo
1213 2650 1302 2681 deus
1336 2657 1423 2681 usus
1458 2649 1501 2680 sit
1536 2649 1578 2680 ad
1610 2648 1715 2680 fidem
1739 2647 1960 2680 servandam.
1984 2646 2035 2679 De

473 2700 592 2740 fragm.
618 2702 658 2733 ct.
682 2710 713 2741 p.
737 2702 785 2738 88,
812 2702 847 2733 Α.
876 2702 900 2733 l.

471 2803 529 2845 84
