<?xml version="1.0" encoding="UTF-8"?>
<!DOCTYPE html PUBLIC "-//W3C//DTD XHTML 1.0 Transitional//EN"
    "http://www.w3.org/TR/xhtml1/DTD/xhtml1-transitional.dtd">
<html xmlns="http://www.w3.org/1999/xhtml" xml:lang="en" lang="en">
 <head>
  <title>
</title>
<meta http-equiv="Content-Type" content="text/html;charset=utf-8" />
  <meta name='ocr-system' content='tesseract 3.04.00' />
  <meta name='ocr-capabilities' content='ocr_page ocr_carea ocr_par ocr_line ocrx_word'/>
</head>
<body>
  <div class='ocr_page' id='page_1' title='image "./erechtheusetthes00schwuoft_0104.png"; bbox 0 0 2174 3374; ppageno 0'>
   <div class='ocr_carea' id='block_1_1' title="bbox 416 501 1977 1324">
    <p class='ocr_par' dir='ltr' id='par_1_1' title="bbox 417 501 1977 984">
     <span class='ocr_line' id='line_1_1' title="bbox 417 501 1974 561; baseline 0.002 -16"><span class='ocrx_word' id='word_1_1' title='bbox 417 504 580 546; x_wconf 89' lang='lat' dir='ltr'>adiecit</span> <span class='ocrx_word' id='word_1_2' title='bbox 601 501 645 555; x_wconf 87' lang='lat'>¹).</span> <span class='ocrx_word' id='word_1_3' title='bbox 690 503 827 545; x_wconf 89' lang='lat' dir='ltr'>Navis</span> <span class='ocrx_word' id='word_1_4' title='bbox 872 503 991 546; x_wconf 82' lang='lat' dir='ltr'>illius</span> <span class='ocrx_word' id='word_1_5' title='bbox 1034 504 1177 546; x_wconf 90' lang='lat' dir='ltr'>cuivis</span> <span class='ocrx_word' id='word_1_6' title='bbox 1212 505 1471 547; x_wconf 82' lang='lat' dir='ltr'>notissimae</span> <span class='ocrx_word' id='word_1_7' title='bbox 1506 504 1806 549; x_wconf 79' lang='lat' dir='ltr'>laudationem</span> <span class='ocrx_word' id='word_1_8' title='bbox 1842 518 1974 561; x_wconf 90' lang='lat' dir='ltr'>spec-</span> 
     </span>
     <span class='ocr_line' id='line_1_2' title="bbox 417 573 1974 629; baseline 0.002 -14"><span class='ocrx_word' id='word_1_9' title='bbox 417 576 603 616; x_wconf 90' lang='lat' dir='ltr'>tatorum</span> <span class='ocrx_word' id='word_1_10' title='bbox 632 573 972 616; x_wconf 81' lang='lat' dir='ltr'>Atheniensium</span> <span class='ocrx_word' id='word_1_11' title='bbox 1002 585 1132 617; x_wconf 90' lang='lat' dir='ltr'>aures</span> <span class='ocrx_word' id='word_1_12' title='bbox 1160 575 1355 617; x_wconf 83' lang='lat' dir='ltr'>suaviter</span> <span class='ocrx_word' id='word_1_13' title='bbox 1383 574 1677 629; x_wconf 90' lang='lat' dir='ltr'>permulsisse</span> <span class='ocrx_word' id='word_1_14' title='bbox 1695 575 1826 618; x_wconf 77' lang='lat' dir='ltr'>facile</span> <span class='ocrx_word' id='word_1_15' title='bbox 1845 576 1974 618; x_wconf 90' lang='lat' dir='ltr'>intel-</span> 
     </span>
     <span class='ocr_line' id='line_1_3' title="bbox 419 644 1973 702; baseline 0.003 -17"><span class='ocrx_word' id='word_1_16' title='bbox 419 644 622 698; x_wconf 81' lang='lat' dir='ltr'>legimus.</span> <span class='ocrx_word' id='word_1_17' title='bbox 672 644 828 698; x_wconf 87' lang='lat' dir='ltr'>Neque</span> <span class='ocrx_word' id='word_1_18' title='bbox 877 645 1086 699; x_wconf 82' lang='lat' dir='ltr'>cuiquam</span> <span class='ocrx_word' id='word_1_19' title='bbox 1138 645 1179 687; x_wconf 92' lang='lat' dir='ltr'>in</span> <span class='ocrx_word' id='word_1_20' title='bbox 1215 645 1412 688; x_wconf 81' lang='lat' dir='ltr'>dramate</span> <span class='ocrx_word' id='word_1_21' title='bbox 1455 646 1604 700; x_wconf 91' lang='lat' dir='ltr'>aptius</span> <span class='ocrx_word' id='word_1_22' title='bbox 1632 646 1717 689; x_wconf 94' lang='lat' dir='ltr'>hoc</span> <span class='ocrx_word' id='word_1_23' title='bbox 1747 648 1973 702; x_wconf 85' lang='lat' dir='ltr'>negotium</span> 
     </span>
     <span class='ocr_line' id='line_1_4' title="bbox 418 715 1973 771; baseline 0.003 -15"><span class='ocrx_word' id='word_1_24' title='bbox 418 715 586 757; x_wconf 86' lang='lat' dir='ltr'>tribuas</span> <span class='ocrx_word' id='word_1_25' title='bbox 634 726 767 769; x_wconf 90' lang='lat' dir='ltr'>quam</span> <span class='ocrx_word' id='word_1_26' title='bbox 815 716 998 769; x_wconf 90' lang='lat' dir='ltr'>pastori,</span> <span class='ocrx_word' id='word_1_27' title='bbox 1047 716 1123 770; x_wconf 91' lang='lat' dir='ltr'>qui</span> <span class='ocrx_word' id='word_1_28' title='bbox 1172 727 1352 771; x_wconf 85' lang='lat' dir='ltr'>gregem</span> <span class='ocrx_word' id='word_1_29' title='bbox 1402 727 1532 759; x_wconf 91' lang='lat' dir='ltr'>suum</span> <span class='ocrx_word' id='word_1_30' title='bbox 1577 728 1772 771; x_wconf 91' lang='lat' dir='ltr'>pascens</span> <span class='ocrx_word' id='word_1_31' title='bbox 1815 729 1973 760; x_wconf 90' lang='lat' dir='ltr'>navem</span> 
     </span>
     <span class='ocr_line' id='line_1_5' title="bbox 418 786 1977 841; baseline 0.002 -14"><span class='ocrx_word' id='word_1_32' title='bbox 418 786 637 840; x_wconf 87' lang='lat' dir='ltr'>insignem</span> <span class='ocrx_word' id='word_1_33' title='bbox 684 788 725 828; x_wconf 88' lang='lat' dir='ltr'>et</span> <span class='ocrx_word' id='word_1_34' title='bbox 763 786 902 841; x_wconf 89' lang='lat' dir='ltr'>nigris</span> <span class='ocrx_word' id='word_1_35' title='bbox 929 786 1042 829; x_wconf 88' lang='lat' dir='ltr'>velis</span> <span class='ocrx_word' id='word_1_36' title='bbox 1077 787 1334 830; x_wconf 84' lang='lat' dir='ltr'>instructam</span> <span class='ocrx_word' id='word_1_37' title='bbox 1369 789 1411 829; x_wconf 92' lang='lat' dir='ltr'>in</span> <span class='ocrx_word' id='word_1_38' title='bbox 1446 787 1572 830; x_wconf 92' lang='lat' dir='ltr'>litore</span> <span class='ocrx_word' id='word_1_39' title='bbox 1606 788 1977 831; x_wconf 88' lang='lat' dir='ltr'>animadverterat</span> 
     </span>
     <span class='ocr_line' id='line_1_6' title="bbox 417 856 1975 914; baseline 0.002 -16"><span class='ocrx_word' id='word_1_40' title='bbox 417 858 458 899; x_wconf 92' lang='lat' dir='ltr'>et</span> <span class='ocrx_word' id='word_1_41' title='bbox 490 856 653 899; x_wconf 89' lang='lat' dir='ltr'>Thesei</span> <span class='ocrx_word' id='word_1_42' title='bbox 689 869 851 899; x_wconf 89' lang='lat' dir='ltr'>nomen</span> <span class='ocrx_word' id='word_1_43' title='bbox 887 858 929 899; x_wconf 92' lang='lat' dir='ltr'>in</span> <span class='ocrx_word' id='word_1_44' title='bbox 964 869 1015 900; x_wconf 92' lang='lat' dir='ltr'>ea</span> <span class='ocrx_word' id='word_1_45' title='bbox 1048 859 1309 913; x_wconf 88' lang='lat' dir='ltr'>inscriptum</span> <span class='ocrx_word' id='word_1_46' title='bbox 1340 859 1631 914; x_wconf 87' lang='lat' dir='ltr'>conspicatus</span> <span class='ocrx_word' id='word_1_47' title='bbox 1660 856 1818 913; x_wconf 80' lang='lat' dir='ltr'>erat2).</span> <span class='ocrx_word' id='word_1_48' title='bbox 1848 857 1975 910; x_wconf 89' lang='lat' dir='ltr'>Quae</span> 
     </span>
     <span class='ocr_line' id='line_1_7' title="bbox 418 927 1502 984; baseline 0.003 -15"><span class='ocrx_word' id='word_1_49' title='bbox 418 928 568 970; x_wconf 92' lang='lat' dir='ltr'>omnia</span> <span class='ocrx_word' id='word_1_50' title='bbox 600 927 820 971; x_wconf 81' lang='lat' dir='ltr'>Ariadnae</span> <span class='ocrx_word' id='word_1_51' title='bbox 854 930 1121 983; x_wconf 87' lang='lat' dir='ltr'>exposuisse</span> <span class='ocrx_word' id='word_1_52' title='bbox 1157 930 1384 984; x_wconf 90' lang='lat' dir='ltr'>putandus</span> <span class='ocrx_word' id='word_1_53' title='bbox 1423 931 1502 972; x_wconf 89' lang='lat' dir='ltr'>est.</span> 
     </span>
    </p>

    <p class='ocr_par' dir='ltr' id='par_1_2' title="bbox 416 997 1975 1324">
     <span class='ocr_line' id='line_1_8' title="bbox 476 997 1972 1055; baseline 0.001 -15"><span class='ocrx_word' id='word_1_54' title='bbox 476 997 542 1041; x_wconf 90' lang='lat' dir='ltr'>De</span> <span class='ocrx_word' id='word_1_55' title='bbox 571 999 728 1041; x_wconf 86' lang='lat' dir='ltr'>ceteris</span> <span class='ocrx_word' id='word_1_56' title='bbox 755 999 1014 1054; x_wconf 84' lang='lat' dir='ltr'>fragmentis</span> <span class='ocrx_word' id='word_1_57' title='bbox 1044 1012 1133 1042; x_wconf 92' lang='lat' dir='ltr'>non</span> <span class='ocrx_word' id='word_1_58' title='bbox 1153 1000 1297 1043; x_wconf 91' lang='lat' dir='ltr'>habeo</span> <span class='ocrx_word' id='word_1_59' title='bbox 1317 1000 1441 1055; x_wconf 91' lang='lat' dir='ltr'>quod</span> <span class='ocrx_word' id='word_1_60' title='bbox 1461 1000 1714 1050; x_wconf 85' lang='lat' dir='ltr'>observem,</span> <span class='ocrx_word' id='word_1_61' title='bbox 1733 1001 1972 1055; x_wconf 86' lang='lat' dir='ltr'>postquam</span> 
     </span>
     <span class='ocr_line' id='line_1_9' title="bbox 418 1067 1975 1125; baseline 0.001 -14"><span class='ocrx_word' id='word_1_62' title='bbox 418 1070 505 1112; x_wconf 91' lang='lat' dir='ltr'>Leo</span> <span class='ocrx_word' id='word_1_63' title='bbox 538 1069 683 1111; x_wconf 80' lang='lat' dir='ltr'>fusius</span> <span class='ocrx_word' id='word_1_64' title='bbox 718 1070 802 1111; x_wconf 92' lang='lat' dir='ltr'>iam</span> <span class='ocrx_word' id='word_1_65' title='bbox 838 1070 927 1125; x_wconf 89' lang='lat' dir='ltr'>egit</span> <span class='ocrx_word' id='word_1_66' title='bbox 945 1067 976 1121; x_wconf 80' lang='lat'>3)</span> <span class='ocrx_word' id='word_1_67' title='bbox 1016 1071 1070 1113; x_wconf 92' lang='lat' dir='ltr'>de</span> <span class='ocrx_word' id='word_1_68' title='bbox 1103 1070 1153 1114; x_wconf 82' lang='lat' dir='ltr'>fr.</span> <span class='ocrx_word' id='word_1_69' title='bbox 1187 1071 1273 1114; x_wconf 84' lang='lat'>386</span> <span class='ocrx_word' id='word_1_70' title='bbox 1307 1073 1349 1114; x_wconf 91' lang='lat' dir='ltr'>et</span> <span class='ocrx_word' id='word_1_71' title='bbox 1381 1071 1523 1114; x_wconf 92' lang='lat' dir='ltr'>schol.</span> <span class='ocrx_word' id='word_1_72' title='bbox 1559 1070 1687 1113; x_wconf 91' lang='lat' dir='ltr'>Arist.</span> <span class='ocrx_word' id='word_1_73' title='bbox 1721 1070 1855 1125; x_wconf 93' lang='lat' dir='ltr'>Vesp.</span> <span class='ocrx_word' id='word_1_74' title='bbox 1890 1070 1975 1113; x_wconf 88' lang='lat'>313</span> 
     </span>
     <span class='ocr_line' id='line_1_10' title="bbox 416 1140 1975 1196; baseline 0 -14"><span class='ocrx_word' id='word_1_75' title='bbox 416 1143 457 1183; x_wconf 91' lang='lat' dir='ltr'>et</span> <span class='ocrx_word' id='word_1_76' title='bbox 492 1141 582 1183; x_wconf 90' lang='lat' dir='ltr'>iure</span> <span class='ocrx_word' id='word_1_77' title='bbox 617 1140 923 1183; x_wconf 89' lang='lat' dir='ltr'>corroboravit</span> <span class='ocrx_word' id='word_1_78' title='bbox 955 1141 1176 1184; x_wconf 89' lang='lat' dir='ltr'>Welckeri</span> <span class='ocrx_word' id='word_1_79' title='bbox 1206 1142 1525 1193; x_wconf 89' lang='lat' dir='ltr'>coniecturam,</span> <span class='ocrx_word' id='word_1_80' title='bbox 1560 1142 1744 1184; x_wconf 92' lang='lat' dir='ltr'>chorum</span> <span class='ocrx_word' id='word_1_81' title='bbox 1774 1142 1975 1196; x_wconf 89' lang='lat' dir='ltr'>septenis</span> 
     </span>
     <span class='ocr_line' id='line_1_11' title="bbox 417 1211 1974 1266; baseline 0.001 -12"><span class='ocrx_word' id='word_1_82' title='bbox 417 1212 568 1266; x_wconf 90' lang='lat' dir='ltr'>pueris</span> <span class='ocrx_word' id='word_1_83' title='bbox 602 1211 856 1266; x_wconf 88' lang='lat' dir='ltr'>puellisque</span> <span class='ocrx_word' id='word_1_84' title='bbox 891 1212 1163 1262; x_wconf 85' lang='lat' dir='ltr'>constitisse,</span> <span class='ocrx_word' id='word_1_85' title='bbox 1209 1223 1325 1266; x_wconf 88' lang='lat' dir='ltr'>quos</span> <span class='ocrx_word' id='word_1_86' title='bbox 1363 1212 1570 1255; x_wconf 86' lang='lat' dir='ltr'>Theseus</span> <span class='ocrx_word' id='word_1_87' title='bbox 1603 1211 1788 1254; x_wconf 85' lang='lat' dir='ltr'>Athenis</span> <span class='ocrx_word' id='word_1_88' title='bbox 1821 1223 1974 1255; x_wconf 90' lang='lat' dir='ltr'>secum</span> 
     </span>
     <span class='ocr_line' id='line_1_12' title="bbox 416 1282 614 1324; baseline 0 0"><span class='ocrx_word' id='word_1_89' title='bbox 416 1282 614 1324; x_wconf 87' lang='lat' dir='ltr'>duxerat.</span> 
     </span>
    </p>
   </div>
   <div class='ocr_carea' id='block_1_2' title="bbox 415 1422 1976 2330">
    <p class='ocr_par' dir='ltr' id='par_1_3' title="bbox 417 1422 1975 1549">
     <span class='ocr_line' id='line_1_13' title="bbox 475 1422 1975 1477; baseline 0 -11"><span class='ocrx_word' id='word_1_90' title='bbox 475 1422 600 1474; x_wconf 89' lang='lat' dir='ltr'>Quae</span> <span class='ocrx_word' id='word_1_91' title='bbox 644 1423 699 1466; x_wconf 89' lang='lat' dir='ltr'>de</span> <span class='ocrx_word' id='word_1_92' title='bbox 744 1423 826 1466; x_wconf 92' lang='lat' dir='ltr'>hoc</span> <span class='ocrx_word' id='word_1_93' title='bbox 871 1423 1067 1466; x_wconf 86' lang='lat' dir='ltr'>dramate</span> <span class='ocrx_word' id='word_1_94' title='bbox 1111 1424 1415 1466; x_wconf 89' lang='lat' dir='ltr'>demonstrare</span> <span class='ocrx_word' id='word_1_95' title='bbox 1456 1425 1644 1466; x_wconf 90' lang='lat' dir='ltr'>conatus</span> <span class='ocrx_word' id='word_1_96' title='bbox 1684 1435 1781 1466; x_wconf 93' lang='lat' dir='ltr'>sum</span> <span class='ocrx_word' id='word_1_97' title='bbox 1818 1424 1975 1477; x_wconf 88' lang='lat' dir='ltr'>paucis</span> 
     </span>
     <span class='ocr_line' id='line_1_14' title="bbox 417 1494 1249 1549; baseline -0.002 -11"><span class='ocrx_word' id='word_1_98' title='bbox 417 1495 541 1538; x_wconf 91' lang='lat' dir='ltr'>hisce</span> <span class='ocrx_word' id='word_1_99' title='bbox 574 1494 725 1537; x_wconf 80' lang='lat' dir='ltr'>verbis</span> <span class='ocrx_word' id='word_1_100' title='bbox 759 1494 996 1549; x_wconf 84' lang='lat' dir='ltr'>complecti</span> <span class='ocrx_word' id='word_1_101' title='bbox 1032 1506 1249 1549; x_wconf 90' lang='lat' dir='ltr'>possum:</span> 
     </span>
    </p>

    <p class='ocr_par' dir='ltr' id='par_1_4' title="bbox 415 1563 1976 2330">
     <span class='ocr_line' id='line_1_15' title="bbox 477 1563 1976 1620; baseline 0 -12"><span class='ocrx_word' id='word_1_102' title='bbox 477 1565 689 1608; x_wconf 84' lang='lat' dir='ltr'>Fabulam</span> <span class='ocrx_word' id='word_1_103' title='bbox 710 1576 902 1608; x_wconf 90' lang='lat' dir='ltr'>coronae</span> <span class='ocrx_word' id='word_1_104' title='bbox 920 1564 1132 1620; x_wconf 81' lang='lat' dir='ltr'>fulgentis</span> <span class='ocrx_word' id='word_1_105' title='bbox 1151 1566 1193 1607; x_wconf 90' lang='lat' dir='ltr'>in</span> <span class='ocrx_word' id='word_1_106' title='bbox 1212 1565 1407 1619; x_wconf 90' lang='lat' dir='ltr'>Neptuni</span> <span class='ocrx_word' id='word_1_107' title='bbox 1428 1564 1619 1608; x_wconf 90' lang='lat' dir='ltr'>aedibus</span> <span class='ocrx_word' id='word_1_108' title='bbox 1637 1564 1693 1606; x_wconf 91' lang='lat' dir='ltr'>ab</span> <span class='ocrx_word' id='word_1_109' title='bbox 1711 1563 1976 1619; x_wconf 90' lang='lat' dir='ltr'>Amphitrita</span> 
     </span>
     <span class='ocr_line' id='line_1_16' title="bbox 418 1635 1975 1690; baseline -0.001 -11"><span class='ocrx_word' id='word_1_110' title='bbox 418 1637 596 1679; x_wconf 88' lang='lat' dir='ltr'>Theseo</span> <span class='ocrx_word' id='word_1_111' title='bbox 640 1636 783 1687; x_wconf 90' lang='lat' dir='ltr'>datae,</span> <span class='ocrx_word' id='word_1_112' title='bbox 827 1636 969 1690; x_wconf 91' lang='lat' dir='ltr'>quinti</span> <span class='ocrx_word' id='word_1_113' title='bbox 1013 1636 1181 1679; x_wconf 90' lang='lat' dir='ltr'>saeculi</span> <span class='ocrx_word' id='word_1_114' title='bbox 1224 1637 1350 1679; x_wconf 92' lang='lat' dir='ltr'>initio</span> <span class='ocrx_word' id='word_1_115' title='bbox 1386 1636 1665 1679; x_wconf 88' lang='lat' dir='ltr'>notissimam</span> <span class='ocrx_word' id='word_1_116' title='bbox 1701 1637 1743 1678; x_wconf 93' lang='lat' dir='ltr'>et</span> <span class='ocrx_word' id='word_1_117' title='bbox 1776 1635 1975 1678; x_wconf 90' lang='lat' dir='ltr'>dilectis-</span> 
     </span>
     <span class='ocr_line' id='line_1_17' title="bbox 417 1705 1975 1762; baseline -0.001 -13"><span class='ocrx_word' id='word_1_118' title='bbox 417 1707 589 1758; x_wconf 87' lang='lat' dir='ltr'>simam,</span> <span class='ocrx_word' id='word_1_119' title='bbox 619 1708 752 1761; x_wconf 91' lang='lat' dir='ltr'>poeta</span> <span class='ocrx_word' id='word_1_120' title='bbox 780 1707 998 1762; x_wconf 90' lang='lat' dir='ltr'>neglexit;</span> <span class='ocrx_word' id='word_1_121' title='bbox 1026 1706 1248 1750; x_wconf 88' lang='lat' dir='ltr'>Ariadnae</span> <span class='ocrx_word' id='word_1_122' title='bbox 1277 1719 1364 1762; x_wconf 94' lang='lat' dir='ltr'>ope</span> <span class='ocrx_word' id='word_1_123' title='bbox 1398 1707 1624 1750; x_wconf 88' lang='lat' dir='ltr'>Theseum</span> <span class='ocrx_word' id='word_1_124' title='bbox 1654 1706 1817 1749; x_wconf 90' lang='lat' dir='ltr'>servari</span> <span class='ocrx_word' id='word_1_125' title='bbox 1849 1705 1975 1748; x_wconf 84' lang='lat' dir='ltr'>Euri-</span> 
     </span>
     <span class='ocr_line' id='line_1_18' title="bbox 418 1776 1974 1833; baseline -0.001 -13"><span class='ocrx_word' id='word_1_126' title='bbox 418 1779 549 1833; x_wconf 91' lang='lat' dir='ltr'>pides</span> <span class='ocrx_word' id='word_1_127' title='bbox 581 1778 719 1828; x_wconf 77' lang='lat' dir='ltr'>finxit,</span> <span class='ocrx_word' id='word_1_128' title='bbox 754 1789 870 1832; x_wconf 92' lang='lat' dir='ltr'>quae</span> <span class='ocrx_word' id='word_1_129' title='bbox 904 1789 993 1820; x_wconf 95' lang='lat' dir='ltr'>non</span> <span class='ocrx_word' id='word_1_130' title='bbox 1028 1790 1254 1829; x_wconf 87' lang='lat' dir='ltr'>coronam,</span> <span class='ocrx_word' id='word_1_131' title='bbox 1289 1789 1422 1833; x_wconf 88' lang='lat' dir='ltr'>quam</span> <span class='ocrx_word' id='word_1_132' title='bbox 1456 1778 1556 1832; x_wconf 91' lang='lat' dir='ltr'>ipsa</span> <span class='ocrx_word' id='word_1_133' title='bbox 1588 1778 1694 1819; x_wconf 89' lang='lat' dir='ltr'>olim</span> <span class='ocrx_word' id='word_1_134' title='bbox 1728 1776 1974 1831; x_wconf 90' lang='lat' dir='ltr'>aDionyso</span> 
     </span>
     <span class='ocr_line' id='line_1_19' title="bbox 416 1848 1974 1904; baseline -0.001 -12"><span class='ocrx_word' id='word_1_135' title='bbox 416 1851 665 1904; x_wconf 89' lang='lat' dir='ltr'>acceperat,</span> <span class='ocrx_word' id='word_1_136' title='bbox 699 1849 779 1891; x_wconf 90' lang='lat' dir='ltr'>sed</span> <span class='ocrx_word' id='word_1_137' title='bbox 811 1848 991 1904; x_wconf 90' lang='lat' dir='ltr'>glomus</span> <span class='ocrx_word' id='word_1_138' title='bbox 1025 1849 1146 1892; x_wconf 91' lang='lat' dir='ltr'>heroi</span> <span class='ocrx_word' id='word_1_139' title='bbox 1182 1861 1207 1892; x_wconf 92' lang='lat' dir='ltr'>a</span> <span class='ocrx_word' id='word_1_140' title='bbox 1240 1860 1288 1892; x_wconf 92' lang='lat' dir='ltr'>se</span> <span class='ocrx_word' id='word_1_141' title='bbox 1322 1851 1469 1891; x_wconf 92' lang='lat' dir='ltr'>amato</span> <span class='ocrx_word' id='word_1_142' title='bbox 1504 1849 1697 1891; x_wconf 82' lang='lat' dir='ltr'>dederat.</span> <span class='ocrx_word' id='word_1_143' title='bbox 1719 1848 1974 1890; x_wconf 88' lang='lat' dir='ltr'>Minotauro</span> 
     </span>
     <span class='ocr_line' id='line_1_20' title="bbox 417 1919 1974 1975; baseline -0.001 -12"><span class='ocrx_word' id='word_1_144' title='bbox 417 1921 569 1963; x_wconf 89' lang='lat' dir='ltr'>occiso</span> <span class='ocrx_word' id='word_1_145' title='bbox 599 1919 803 1962; x_wconf 89' lang='lat' dir='ltr'>Theseus</span> <span class='ocrx_word' id='word_1_146' title='bbox 831 1931 930 1962; x_wconf 90' lang='lat' dir='ltr'>cum</span> <span class='ocrx_word' id='word_1_147' title='bbox 964 1919 1159 1962; x_wconf 91' lang='lat' dir='ltr'>Ariadna</span> <span class='ocrx_word' id='word_1_148' title='bbox 1187 1919 1358 1975; x_wconf 79' lang='lat' dir='ltr'>aufugit</span> <span class='ocrx_word' id='word_1_149' title='bbox 1385 1919 1498 1962; x_wconf 88' lang='lat' dir='ltr'>clam</span> <span class='ocrx_word' id='word_1_150' title='bbox 1527 1919 1694 1970; x_wconf 86' lang='lat' dir='ltr'>Minoe,</span> <span class='ocrx_word' id='word_1_151' title='bbox 1719 1919 1794 1973; x_wconf 91' lang='lat' dir='ltr'>qui</span> <span class='ocrx_word' id='word_1_152' title='bbox 1820 1919 1862 1960; x_wconf 95' lang='lat' dir='ltr'>in</span> <span class='ocrx_word' id='word_1_153' title='bbox 1882 1921 1974 1961; x_wconf 90' lang='lat' dir='ltr'>toto</span> 
     </span>
     <span class='ocr_line' id='line_1_21' title="bbox 416 1990 1975 2045; baseline -0.001 -12"><span class='ocrx_word' id='word_1_154' title='bbox 416 1991 611 2033; x_wconf 87' lang='lat' dir='ltr'>dramate</span> <span class='ocrx_word' id='word_1_155' title='bbox 660 1993 886 2045; x_wconf 90' lang='lat' dir='ltr'>tamquam</span> <span class='ocrx_word' id='word_1_156' title='bbox 936 1992 1002 2033; x_wconf 93' lang='lat' dir='ltr'>vir</span> <span class='ocrx_word' id='word_1_157' title='bbox 1048 2002 1211 2034; x_wconf 88' lang='lat' dir='ltr'>saevus</span> <span class='ocrx_word' id='word_1_158' title='bbox 1260 1993 1302 2033; x_wconf 90' lang='lat' dir='ltr'>et</span> <span class='ocrx_word' id='word_1_159' title='bbox 1348 1990 1523 2032; x_wconf 92' lang='lat' dir='ltr'>libidini</span> <span class='ocrx_word' id='word_1_160' title='bbox 1572 1990 1755 2033; x_wconf 90' lang='lat' dir='ltr'>deditus</span> <span class='ocrx_word' id='word_1_161' title='bbox 1797 2001 1975 2044; x_wconf 88' lang='lat' dir='ltr'>reprae-</span> 
     </span>
     <span class='ocr_line' id='line_1_22' title="bbox 416 2061 1974 2115; baseline -0.001 -11"><span class='ocrx_word' id='word_1_162' title='bbox 416 2062 685 2104; x_wconf 89' lang='lat' dir='ltr'>sentabatur.</span> <span class='ocrx_word' id='word_1_163' title='bbox 713 2061 878 2104; x_wconf 89' lang='lat' dir='ltr'>Thesei</span> <span class='ocrx_word' id='word_1_164' title='bbox 903 2061 1123 2105; x_wconf 88' lang='lat' dir='ltr'>adventus</span> <span class='ocrx_word' id='word_1_165' title='bbox 1141 2061 1362 2104; x_wconf 90' lang='lat' dir='ltr'>Ariadnae</span> <span class='ocrx_word' id='word_1_166' title='bbox 1382 2062 1610 2104; x_wconf 91' lang='lat' dir='ltr'>nuntiatus</span> <span class='ocrx_word' id='word_1_167' title='bbox 1629 2063 1721 2104; x_wconf 91' lang='lat' dir='ltr'>erat</span> <span class='ocrx_word' id='word_1_168' title='bbox 1739 2072 1764 2103; x_wconf 92' lang='lat' dir='ltr'>a</span> <span class='ocrx_word' id='word_1_169' title='bbox 1781 2062 1974 2115; x_wconf 91' lang='lat' dir='ltr'>pastore,</span> 
     </span>
     <span class='ocr_line' id='line_1_23' title="bbox 417 2131 1975 2188; baseline 0.001 -14"><span class='ocrx_word' id='word_1_170' title='bbox 417 2133 492 2186; x_wconf 92' lang='lat' dir='ltr'>qui</span> <span class='ocrx_word' id='word_1_171' title='bbox 537 2133 579 2174; x_wconf 92' lang='lat' dir='ltr'>in</span> <span class='ocrx_word' id='word_1_172' title='bbox 624 2132 750 2175; x_wconf 91' lang='lat' dir='ltr'>litore</span> <span class='ocrx_word' id='word_1_173' title='bbox 793 2144 964 2188; x_wconf 88' lang='lat' dir='ltr'>vagans</span> <span class='ocrx_word' id='word_1_174' title='bbox 1009 2133 1180 2175; x_wconf 90' lang='lat' dir='ltr'>viderat</span> <span class='ocrx_word' id='word_1_175' title='bbox 1223 2144 1380 2175; x_wconf 91' lang='lat' dir='ltr'>navem</span> <span class='ocrx_word' id='word_1_176' title='bbox 1426 2133 1638 2187; x_wconf 84' lang='lat' dir='ltr'>ignotam,</span> <span class='ocrx_word' id='word_1_177' title='bbox 1683 2132 1820 2187; x_wconf 87' lang='lat' dir='ltr'>nigris</span> <span class='ocrx_word' id='word_1_178' title='bbox 1862 2131 1975 2175; x_wconf 91' lang='lat' dir='ltr'>velis</span> 
     </span>
     <span class='ocr_line' id='line_1_24' title="bbox 417 2202 1975 2258; baseline -0.001 -13"><span class='ocrx_word' id='word_1_179' title='bbox 417 2204 690 2254; x_wconf 89' lang='lat' dir='ltr'>instructam,</span> <span class='ocrx_word' id='word_1_180' title='bbox 740 2215 995 2258; x_wconf 88' lang='lat' dir='ltr'>nomenque</span> <span class='ocrx_word' id='word_1_181' title='bbox 1044 2203 1208 2246; x_wconf 91' lang='lat' dir='ltr'>Thesei</span> <span class='ocrx_word' id='word_1_182' title='bbox 1263 2204 1306 2245; x_wconf 92' lang='lat' dir='ltr'>in</span> <span class='ocrx_word' id='word_1_183' title='bbox 1356 2215 1407 2246; x_wconf 91' lang='lat' dir='ltr'>ea</span> <span class='ocrx_word' id='word_1_184' title='bbox 1455 2204 1717 2258; x_wconf 91' lang='lat' dir='ltr'>inscriptum</span> <span class='ocrx_word' id='word_1_185' title='bbox 1762 2202 1975 2246; x_wconf 88' lang='lat' dir='ltr'>memoria</span> 
     </span>
     <span class='ocr_line' id='line_1_25' title="bbox 415 2273 1974 2330; baseline -0.001 -14"><span class='ocrx_word' id='word_1_186' title='bbox 415 2276 627 2316; x_wconf 86' lang='lat' dir='ltr'>tenuerat.</span> <span class='ocrx_word' id='word_1_187' title='bbox 670 2273 849 2317; x_wconf 88' lang='lat' dir='ltr'>Theseo</span> <span class='ocrx_word' id='word_1_188' title='bbox 893 2286 914 2317; x_wconf 92' lang='lat' dir='ltr'>e</span> <span class='ocrx_word' id='word_1_189' title='bbox 959 2274 1210 2330; x_wconf 91' lang='lat' dir='ltr'>labyrintho</span> <span class='ocrx_word' id='word_1_190' title='bbox 1254 2273 1448 2317; x_wconf 90' lang='lat' dir='ltr'>Ariadna</span> <span class='ocrx_word' id='word_1_191' title='bbox 1494 2274 1734 2317; x_wconf 88' lang='lat' dir='ltr'>adiuvante</span> <span class='ocrx_word' id='word_1_192' title='bbox 1783 2275 1974 2324; x_wconf 88' lang='lat' dir='ltr'>servato,</span> 
     </span>
    </p>
   </div>
   <div class='ocr_carea' id='block_1_3' title="bbox 423 2381 560 2384">
    <p class='ocr_par' dir='ltr' id='par_1_5' title="bbox 423 2381 560 2384">
     <span class='ocr_line' id='line_1_26' title="bbox 423 2381 560 2384; baseline 0 0"><span class='ocrx_word' id='word_1_193' title='bbox 423 2381 560 2384; x_wconf 95' lang='lat' dir='ltr'> </span> 
     </span>
    </p>
   </div>
   <div class='ocr_carea' id='block_1_4' title="bbox 416 2443 1974 2749">
    <p class='ocr_par' dir='ltr' id='par_1_6' title="bbox 461 2443 878 2483">
     <span class='ocr_line' id='line_1_27' title="bbox 461 2443 878 2483; baseline 0.002 -9"><span class='ocrx_word' id='word_1_194' title='bbox 461 2444 490 2483; x_wconf 91' lang='lat' dir='ltr'>l)</span> <span class='ocrx_word' id='word_1_195' title='bbox 513 2443 622 2481; x_wconf 82' lang='lat' dir='ltr'>Plato,</span> <span class='ocrx_word' id='word_1_196' title='bbox 643 2443 771 2476; x_wconf 86' lang='lat' dir='ltr'>Phaed.</span> <span class='ocrx_word' id='word_1_197' title='bbox 793 2443 835 2476; x_wconf 89' lang='lat'>58</span> <span class='ocrx_word' id='word_1_198' title='bbox 847 2444 878 2475; x_wconf 89' lang='lat' dir='ltr'>b.</span> 
     </span>
    </p>

    <p class='ocr_par' dir='ltr' id='par_1_7' title="bbox 416 2495 1974 2642">
     <span class='ocr_line' id='line_1_28' title="bbox 456 2495 1974 2536; baseline 0.001 -9"><span class='ocrx_word' id='word_1_199' title='bbox 456 2496 488 2534; x_wconf 85' lang='lat'>2)</span> <span class='ocrx_word' id='word_1_200' title='bbox 517 2496 627 2529; x_wconf 89' lang='lat' dir='ltr'>Simili</span> <span class='ocrx_word' id='word_1_201' title='bbox 659 2497 767 2529; x_wconf 91' lang='lat' dir='ltr'>modo</span> <span class='ocrx_word' id='word_1_202' title='bbox 791 2497 916 2529; x_wconf 88' lang='lat' dir='ltr'>Accius</span> <span class='ocrx_word' id='word_1_203' title='bbox 947 2497 980 2528; x_wconf 89' lang='lat' dir='ltr'>in</span> <span class='ocrx_word' id='word_1_204' title='bbox 1006 2496 1173 2534; x_wconf 73' lang='lat' dir='ltr'>„Medea”</span> <span class='ocrx_word' id='word_1_205' title='bbox 1195 2496 1314 2528; x_wconf 82' lang='lat' dir='ltr'>fabula</span> <span class='ocrx_word' id='word_1_206' title='bbox 1338 2498 1512 2536; x_wconf 87' lang='lat' dir='ltr'>pastorem</span> <span class='ocrx_word' id='word_1_207' title='bbox 1537 2495 1735 2532; x_wconf 87' lang='lat' dir='ltr'>introduxit,</span> <span class='ocrx_word' id='word_1_208' title='bbox 1759 2496 1974 2536; x_wconf 85' lang='lat' dir='ltr'>Argonauta-</span> 
     </span>
     <span class='ocr_line' id='line_1_29' title="bbox 416 2549 1973 2589; baseline 0.001 -9"><span class='ocrx_word' id='word_1_209' title='bbox 416 2556 490 2580; x_wconf 87' lang='lat' dir='ltr'>rum</span> <span class='ocrx_word' id='word_1_210' title='bbox 518 2557 651 2587; x_wconf 86' lang='lat' dir='ltr'>navem,</span> <span class='ocrx_word' id='word_1_211' title='bbox 674 2558 778 2589; x_wconf 89' lang='lat' dir='ltr'>quam</span> <span class='ocrx_word' id='word_1_212' title='bbox 804 2550 924 2589; x_wconf 85' lang='lat' dir='ltr'>procul</span> <span class='ocrx_word' id='word_1_213' title='bbox 949 2558 967 2582; x_wconf 88' lang='lat' dir='ltr'>e</span> <span class='ocrx_word' id='word_1_214' title='bbox 990 2551 1109 2582; x_wconf 88' lang='lat' dir='ltr'>monte</span> <span class='ocrx_word' id='word_1_215' title='bbox 1133 2551 1374 2589; x_wconf 86' lang='lat' dir='ltr'>conspexerat,</span> <span class='ocrx_word' id='word_1_216' title='bbox 1397 2549 1626 2582; x_wconf 83' lang='lat' dir='ltr'>admirantem</span> <span class='ocrx_word' id='word_1_217' title='bbox 1651 2550 1682 2581; x_wconf 89' lang='lat' dir='ltr'>et</span> <span class='ocrx_word' id='word_1_218' title='bbox 1706 2549 1973 2582; x_wconf 85' lang='lat' dir='ltr'>describentem.</span> 
     </span>
     <span class='ocr_line' id='line_1_30' title="bbox 416 2602 1078 2642; baseline 0.003 -9"><span class='ocrx_word' id='word_1_219' title='bbox 416 2602 498 2641; x_wconf 90' lang='lat' dir='ltr'>(vid.</span> <span class='ocrx_word' id='word_1_220' title='bbox 523 2602 594 2634; x_wconf 91' lang='lat' dir='ltr'>Cic.</span> <span class='ocrx_word' id='word_1_221' title='bbox 618 2603 660 2634; x_wconf 90' lang='lat' dir='ltr'>de</span> <span class='ocrx_word' id='word_1_222' title='bbox 685 2604 751 2635; x_wconf 84' lang='lat' dir='ltr'>nat.</span> <span class='ocrx_word' id='word_1_223' title='bbox 775 2603 869 2636; x_wconf 89' lang='lat' dir='ltr'>deor.</span> <span class='ocrx_word' id='word_1_224' title='bbox 894 2603 917 2634; x_wconf 90' lang='lat' dir='ltr'>ll</span> <span class='ocrx_word' id='word_1_225' title='bbox 941 2602 991 2641; x_wconf 86' lang='lat'>35,</span> <span class='ocrx_word' id='word_1_226' title='bbox 1013 2602 1078 2642; x_wconf 85' lang='lat'>89).</span> 
     </span>
    </p>

    <p class='ocr_par' dir='ltr' id='par_1_8' title="bbox 421 2654 1972 2749">
     <span class='ocr_line' id='line_1_31' title="bbox 458 2654 1972 2696; baseline 0 -9"><span class='ocrx_word' id='word_1_227' title='bbox 458 2654 491 2694; x_wconf 88' lang='grc'>3)</span> <span class='ocrx_word' id='word_1_228' title='bbox 515 2655 593 2687; x_wconf 88' lang='lat' dir='ltr'>Sen.</span> <span class='ocrx_word' id='word_1_229' title='bbox 627 2655 729 2696; x_wconf 83' lang='lat' dir='ltr'>Trag.</span> <span class='ocrx_word' id='word_1_230' title='bbox 754 2656 763 2687; x_wconf 90' lang='grc' dir='ltr'>Ι</span> <span class='ocrx_word' id='word_1_231' title='bbox 798 2664 829 2696; x_wconf 88' lang='lat' dir='ltr'>p.</span> <span class='ocrx_word' id='word_1_232' title='bbox 856 2655 914 2687; x_wconf 86' lang='lat'>180</span> <span class='ocrx_word' id='word_1_233' title='bbox 927 2663 1019 2696; x_wconf 86' lang='lat' dir='ltr'>sqq.;</span> <span class='ocrx_word' id='word_1_234' title='bbox 1053 2656 1121 2688; x_wconf 90' lang='lat' dir='ltr'>vid.</span> <span class='ocrx_word' id='word_1_235' title='bbox 1155 2656 1257 2688; x_wconf 87' lang='lat' dir='ltr'>etiam</span> <span class='ocrx_word' id='word_1_236' title='bbox 1282 2664 1311 2688; x_wconf 92' lang='lat' dir='ltr'>v.</span> <span class='ocrx_word' id='word_1_237' title='bbox 1336 2656 1367 2688; x_wconf 89' lang='lat' dir='ltr'>d.</span> <span class='ocrx_word' id='word_1_238' title='bbox 1391 2655 1509 2688; x_wconf 87' lang='lat' dir='ltr'>Sande</span> <span class='ocrx_word' id='word_1_239' title='bbox 1529 2655 1749 2696; x_wconf 86' lang='lat' dir='ltr'>Bakhuyzen,</span> <span class='ocrx_word' id='word_1_240' title='bbox 1773 2655 1815 2687; x_wconf 92' lang='lat' dir='ltr'>de</span> <span class='ocrx_word' id='word_1_241' title='bbox 1840 2654 1913 2688; x_wconf 83' lang='lat' dir='ltr'>Par.</span> <span class='ocrx_word' id='word_1_242' title='bbox 1939 2655 1972 2687; x_wconf 88' lang='lat' dir='ltr'>in</span> 
     </span>
     <span class='ocr_line' id='line_1_32' title="bbox 421 2708 1802 2749; baseline -0.001 -8"><span class='ocrx_word' id='word_1_243' title='bbox 421 2708 592 2741; x_wconf 88' lang='lat' dir='ltr'>Comoed.</span> <span class='ocrx_word' id='word_1_244' title='bbox 616 2708 716 2741; x_wconf 82' lang='lat' dir='ltr'>Arist.</span> <span class='ocrx_word' id='word_1_245' title='bbox 740 2717 771 2749; x_wconf 87' lang='lat' dir='ltr'>p.</span> <span class='ocrx_word' id='word_1_246' title='bbox 795 2708 834 2740; x_wconf 87' lang='lat'>54</span> <span class='ocrx_word' id='word_1_247' title='bbox 858 2710 889 2741; x_wconf 84' lang='lat' dir='ltr'>et</span> <span class='ocrx_word' id='word_1_248' title='bbox 912 2708 1049 2741; x_wconf 88' lang='lat' dir='ltr'>Wilam.</span> <span class='ocrx_word' id='word_1_249' title='bbox 1074 2708 1219 2741; x_wconf 84' lang='lat' dir='ltr'>Hermes</span> <span class='ocrx_word' id='word_1_250' title='bbox 1242 2708 1299 2740; x_wconf 91' lang='lat' dir='ltr'>XV</span> <span class='ocrx_word' id='word_1_251' title='bbox 1322 2717 1354 2748; x_wconf 91' lang='lat' dir='ltr'>p.</span> <span class='ocrx_word' id='word_1_252' title='bbox 1377 2708 1447 2741; x_wconf 86' lang='lat'>484.</span> <span class='ocrx_word' id='word_1_253' title='bbox 1798 2710 1802 2714; x_wconf 83' lang='lat'>&#39;</span> 
     </span>
    </p>
   </div>
   <div class='ocr_carea' id='block_1_5' title="bbox 418 2811 474 2853">
    <p class='ocr_par' dir='ltr' id='par_1_9' title="bbox 418 2811 474 2853">
     <span class='ocr_line' id='line_1_33' title="bbox 418 2811 474 2853; baseline -0.018 0"><span class='ocrx_word' id='word_1_254' title='bbox 418 2811 474 2853; x_wconf 88' lang='grc'>92</span> 
     </span>
    </p>
   </div>
  </div>
 </body>
</html>
