2174 3374
427 499 501 542 filo
552 509 756 553 repressa
804 500 882 548 est,
933 497 1055 552 quod
1103 496 1259 551 partim
1304 497 1420 539 certe
1463 495 1711 538 auctoritati
1757 493 1984 548 Euripidis

428 569 685 625 tragoediae
719 569 949 623 assignare
983 567 1115 610 velim
1138 564 1184 619 1).

487 638 681 690 Quando
708 639 768 681 fili
797 640 944 682 versio
974 639 1076 681 nata
1103 638 1174 688 sit,
1203 637 1475 692 ignoramus.
1501 634 1691 678 Primam
1711 635 1808 678 eius
1826 635 1985 677 menti-

428 722 559 753 onem
587 710 694 752 tacit
721 708 1004 763 Pherecydes
1033 706 1101 762 (fr.
1136 705 1254 762 106),
1283 706 1446 750 deinde
1476 705 1741 748 Plutarchus
1769 702 1830 759 (v.
1849 704 1984 748 Thes.

433 778 520 835 19),
553 780 757 836 Hyginus
791 777 899 833 (tab.
928 777 1020 833 42),
1049 778 1357 833 Apollodorus
1385 775 1510 832 (epit.
1540 776 1552 819 Ι
1581 776 1626 829 9)
1645 778 1727 819 etc.
1747 775 1988 830 Euripides

429 852 561 907 igitur
607 853 839 905 utramque
886 851 1139 893 versionem
1194 850 1469 903 compertam
1518 846 1688 898 habuit,
1736 846 1816 890 sed
1864 845 1986 889 filum

430 922 698 978 praetulisse
732 922 920 964 videtur.

489 1063 640 1108 Restat
688 1064 733 1105 ut
780 1073 909 1117 agam
950 1062 1004 1104 de
1047 1061 1217 1104 Minois
1261 1072 1359 1103 cum
1404 1059 1584 1103 Theseo
1629 1055 1988 1112 altercatione2),

430 1135 548 1178 unde
591 1134 771 1177 trimetri
812 1133 873 1175 illi
919 1133 961 1175 in
995 1132 1309 1186 Aristophanis
1343 1130 1531 1174 scholiis
1564 1130 1683 1173 allati
1704 1128 1740 1185 3)
1774 1130 1990 1184 desump-

430 1207 459 1249 ti
494 1206 597 1248 sunt
631 1202 750 1259 (Eur.
784 1203 919 1246 Thes.
953 1203 1002 1245 fr.
1038 1200 1158 1257 384).
1192 1202 1318 1253 Quae
1348 1202 1441 1244 rixa
1468 1201 1826 1245 dramatisinitio
1846 1200 1991 1255 assig-

430 1276 579 1319 nanda
611 1277 653 1318 et
685 1275 739 1317 de
774 1273 1005 1325 Periboea,
1040 1285 1128 1316 una
1161 1284 1215 1315 ex
1246 1273 1411 1328 puellis
1437 1271 1803 1322 Atheniensibus,
1837 1274 1993 1314 exorta

431 1358 530 1390 esse
578 1346 766 1396 videtur,
816 1356 950 1399 quam
994 1345 1146 1387 Minos
1190 1343 1339 1387 subito
1383 1355 1534 1386 amore
1578 1343 1791 1386 incensus
1824 1341 1991 1384 violare

431 1418 656 1473 cupiebat.
685 1416 804 1459 Nihil
825 1416 943 1458 enim
964 1415 1125 1468 obstat,
1145 1415 1390 1470 quominus
1409 1414 1668 1470 Euripidem
1688 1414 1802 1456 hanc
1823 1414 1990 1468 partem

430 1489 609 1532 fabulae
643 1500 668 1531 a
701 1487 972 1542 Bacchylide
1008 1489 1207 1530 narratae
1227 1483 1263 1540 4)
1303 1487 1346 1529 in
1385 1497 1514 1529 usum
1549 1496 1678 1528 suum
1714 1483 1992 1527 convertisse

432 1570 676 1610 sumamus,
707 1558 965 1613 praesertim
996 1570 1095 1601 cum
1120 1558 1185 1601 sic
1205 1559 1364 1612 poetae
1383 1558 1544 1612 sponte
1563 1556 1793 1599 offerretur
1810 1554 1993 1597 occasio

432 1631 573 1672 Minoi
609 1629 924 1680 maledicendi,
959 1641 1091 1683 quem
1127 1630 1169 1671 in
1205 1640 1342 1671 scena
1378 1627 1521 1670 Attica
1555 1638 1733 1682 semper
1765 1629 1992 1680 tamquam

433 1704 627 1744 atrocem
672 1703 714 1743 et
756 1700 995 1743 scelestum
1040 1700 1268 1755 depictum
1314 1710 1415 1742 esse
1457 1699 1567 1742 haec
1599 1697 1824 1741 Plutarchi
1858 1696 1996 1739 verba

434 1773 669 1816 notissima
711 1773 929 1814 testantur
972 1768 1082 1826 (vita
1130 1770 1294 1814 Thesei
1338 1767 1479 1825 XVl):
1528 1771 1617 1810 Καὶ
1660 1774 1740 1824 γὰρ
1784 1772 1805 1810 ὁ
1847 1770 1995 1817 Μίνως

477 1966 505 2005 l)
540 1965 580 1998 ct.
616 1965 771 2004 Hartung
802 1964 879 1996 Eur.
915 1963 1004 1997 Rest.
1040 1964 1104 2003 lp.
1129 1963 1202 2001 551,
1235 1963 1293 2002 qui
1329 1970 1457 2003 magna
1491 1970 1569 1995 cum
1604 1962 1673 1995 veri
1705 1961 1823 2001 specie
1857 1961 1894 1994 fr.
1930 1962 1996 1994 inc.

435 2019 508 2051 1001
547 2019 659 2053 λίνου
700 2018 903 2063 κλωστῆρα
941 2019 1139 2063 περιφέρει
1179 2016 1313 2059 λαβών
1346 2024 1449 2048 suum
1484 2017 1518 2048 in
1552 2016 1695 2048 Theseo
1728 2014 1847 2047 fabula
1880 2015 1997 2047 locum

432 2071 645 2111 assignavit;
670 2070 710 2102 ct.
735 2078 841 2110 supra
865 2078 897 2109 p.
920 2069 960 2101 84
982 2069 1020 2101 A.
1044 2069 1072 2101 5.

474 2125 507 2164 2)
541 2124 604 2156 Vix
639 2124 706 2161 est,
751 2123 847 2162 quod
882 2130 1046 2155 moneam
1082 2122 1299 2162 Hartungum
1334 2121 1427 2161 (Eur.
1463 2121 1552 2155 Rest.
1587 2121 1596 2152 l
1625 2119 1700 2159 550)
1731 2120 1835 2160 longe
1866 2127 1885 2151 a
1915 2127 1998 2152 vero

433 2178 617 2210 aberrasse
645 2177 835 2217 tingentem
866 2176 952 2208 haec
982 2176 1092 2215 iurgia
1117 2183 1136 2208 a
1159 2176 1302 2208 Theseo
1325 2175 1359 2207 in
1383 2175 1621 2207 Minotaurum
1646 2173 1770 2206 iactata
1794 2180 1873 2206 esse
1897 2175 1999 2213 atque

435 2233 566 2271 partem
591 2230 759 2270 colloquii
782 2230 912 2262 Thesei
937 2237 1016 2262 cum
1040 2229 1241 2261 Minotauro
1264 2228 1445 2266 effecisse;
1470 2229 1665 2259 monstrum
1688 2228 1804 2259 autem
1827 2227 1882 2258 his
1895 2226 2000 2258 minis

435 2285 658 2325 compulsum
682 2284 857 2323 simulque
881 2283 984 2322 copia
1008 2282 1166 2319 militum,
1190 2283 1249 2322 qui
1273 2282 1416 2314 Theseo
1440 2282 1580 2321 praesto
1593 2281 1710 2313 essent
1724 2280 1789 2320 (sic
1803 2280 1836 2320 l),
1849 2280 2000 2312 territum

435 2339 469 2371 in
493 2338 737 2378 labyrinthum,
760 2338 939 2376 tamquam
963 2336 997 2368 in
1022 2336 1212 2377 castellum,
1237 2335 1474 2368 concessisse.
1498 2334 1582 2367 lllud
1596 2334 1813 2374 colloquium
1828 2332 2001 2365 aTheseo

436 2400 515 2424 curn
546 2392 748 2424 Minotauro
771 2390 962 2423 exhibitum
987 2397 1156 2429 perquam
1181 2389 1368 2421 ridiculum
1388 2389 1470 2420 mihi
1491 2387 1645 2420 videtur!
1667 2387 1863 2419 Monstrum
1884 2385 2000 2426 ipsum

437 2445 471 2477 in
503 2452 644 2477 scenam
676 2444 851 2483 prodiisse
883 2442 1088 2475 incredibile
1119 2443 1180 2474 est.
1212 2441 1411 2482 „Sprechen
1435 2441 1564 2473 konnte
1588 2440 1679 2473 doch
1705 2440 1769 2472 das
1793 2440 2001 2479 Ungeheuer

438 2498 498 2530 mit
521 2498 600 2530 dem
624 2496 819 2537 Stierkopte
842 2496 946 2534 nicht,
978 2495 1049 2527 und
1074 2496 1159 2527 dass
1183 2495 1280 2527 diese
1305 2493 1515 2527 auttallende
1540 2493 1674 2527 Gestalt
1697 2493 1776 2525 blos
1799 2492 1999 2533 vorgeftihrt

439 2551 489 2582 sei
513 2558 570 2582 um
595 2551 640 2582 im
667 2550 790 2590 Kampt
812 2550 918 2590 erlegt
948 2557 989 2581 zu
1014 2550 1152 2581 werden
1179 2548 1246 2588 (vel
1271 2548 1306 2580 ut
1328 2548 1465 2579 territus
1489 2547 1522 2578 in
1547 2546 1779 2586 labyrinthum
1803 2545 1998 2585 concedat),

439 2604 483 2636 ist
505 2604 599 2636 nicht
622 2604 831 2643 glaublich'’,
856 2604 891 2635 ut
914 2610 1055 2635 summo
1079 2602 1151 2634 iure
1175 2600 1375 2634 observavit
1393 2600 1479 2642 Jahn
1504 2599 1619 2639 (Arch.
1643 2598 1745 2631 Beitr.
1768 2598 1855 2638 254).

480 2657 514 2697 3)
536 2665 565 2690 ν.
589 2665 621 2696 p.
644 2656 693 2688 74.

481 2710 515 2750 4)
538 2718 567 2741 ν.
592 2717 623 2748 p.
646 2709 695 2742 76.

441 2814 498 2857 88
