2174 3374
466 523 509 562 δὲ
556 528 602 575 τῇ
644 524 837 575 θυγατρὶ,
880 527 932 574 τῷ
976 522 1019 561 δὲ
1061 526 1153 561 κυνὶ
1196 521 1490 574 Κέρβερον,
1532 524 1624 568 τοὺς
1665 526 1759 575 περὶ
1801 524 1871 560 τὸν
1911 521 2018 560 Πει-

464 595 617 646 ρίθουν
659 596 707 632 οὐ
748 599 987 647 μνηστῆρας
1028 597 1156 644 ἥκειν,
1201 593 1304 630 ἀλλ’
1335 594 1659 645 ἁρπασομένους
1689 593 2017 642 πυνθανόμενος

463 664 687 715 συνέλαβε,
730 669 801 702 καὶ
843 667 913 703 τὸν
953 667 1032 715 μὲν
1074 664 1314 716 Πειρίθουν
1356 663 1767 714 ε’ὐθὺς’ἠφάνισε
1803 662 1894 702 διὰ
1925 667 2017 701 τοῦ

462 737 636 782 κυνὸς,
671 737 740 773 τὸν
773 734 816 773 δὲ
851 734 990 786 Θησέα
1021 735 1250 787 καθείρξας
1282 734 1522 785 ἐφύλαττεν.

523 802 686 857 Regem
718 803 840 845 illum
860 803 979 857 Epiri
1000 804 1095 846 sive
1110 803 1416 845 Molossorum
1436 805 1477 845 et
1495 803 1579 845 hoc
1599 803 1700 845 loco
1720 805 1762 845 et
1778 802 2017 845 Homerico

463 871 670 928 (perinde
704 886 754 916 ac
789 875 831 916 in
865 874 1120 917 Philochori
1155 874 1403 929 fragmento
1436 872 1637 928 laudato)
1680 874 1849 916 nullum
1883 873 2017 916 alium

464 956 563 987 esse
607 946 691 987 nisi
736 946 976 989 interorum
1020 957 1183 1001 regem,
1227 946 1421 988 humana
1462 945 1604 987 forma
1647 945 1865 996 indutum,
1916 956 2016 999 per-

463 1016 668 1069 spicuum
703 1019 782 1059 est.

519 1087 611 1129 Nec
645 1099 734 1129 non
768 1088 1040 1130 conferenda
1073 1090 1189 1138 sunt,
1218 1099 1334 1142 quae
1363 1087 1655 1142 Eugammon,
1685 1087 1858 1129 Musaei
1888 1089 2017 1127 κατά-

459 1160 589 1208 βασιν
621 1163 677 1206 εἰς
708 1160 858 1199 (Ἀιὸου
893 1159 1130 1209 adhibens,
1164 1159 1207 1200 in
1241 1158 1489 1213 Telegonia
1523 1160 1667 1200 narrat
1695 1158 1750 1200 de
1780 1157 1910 1201 Ulixe
1939 1157 2019 1199 iter

462 1228 505 1269 in
524 1228 561 1269 T
576 1229 601 1270 h
617 1240 638 1271 e
653 1240 674 1271 s
689 1242 716 1283 p
731 1232 815 1272 rot
834 1231 844 1271 i
860 1242 937 1272 arn
962 1230 1152 1273 faciente
1173 1230 1325 1284 ibique
1346 1229 1543 1284 reginam
1564 1227 1814 1272 Callidicen
1833 1240 2016 1271 uxorem

462 1299 651 1342 ducente
674 1297 719 1352 ¹).

520 1369 727 1425 Denique
771 1383 929 1427 agmen
975 1372 1154 1415 claudat
1196 1372 1324 1414 locus
1367 1370 1617 1414 Pausaniae
1661 1371 1692 1422 (1
1739 1372 1805 1422 17,
1838 1370 1897 1422 4),
1940 1370 2016 1412 ubi

461 1441 679 1496 legimUS:
725 1446 764 1491 ές
806 1444 849 1483 δὲ
892 1449 963 1495 τὴν
1006 1446 1200 1495 τελευτὴν
1242 1448 1314 1495 τὴν
1349 1443 1514 1496 Θησέως
1545 1444 1693 1482 πολλὰ
1724 1443 1802 1495 ἤδη
1834 1447 1905 1482 καὶ
1939 1444 2018 1495 οὐχ

461 1514 753 1565 ὁμολογοῦντα
795 1518 965 1568 εἴρηται·
1010 1515 1209 1554 δεδέσθαι
1253 1530 1293 1554 τε
1335 1518 1414 1568 γὰρ
1457 1516 1585 1553 αὐτὸν
1630 1515 1803 1565 λέγουσι
1846 1515 1886 1560 ἐς
1927 1512 2019 1552 τόδε

460 1586 535 1632 ἕως
563 1587 635 1637 ὑφ’
664 1586 928 1639 “Ηρακλεόυς
956 1587 1183 1638 ἀναχθείη.
1214 1587 1491 1625 πιθανώτατα
1519 1584 1563 1624 δὲ
1591 1587 1649 1624 ὧν
1665 1587 1839 1635 ἤκουσα·
1861 1583 2018 1636 Θησεὺς

461 1657 500 1702 ές
534 1655 892 1710 Θεσπρωτοὺς
923 1658 1141 1708 ἐμβαλών,
1185 1661 1275 1696 τοῦ
1317 1657 1597 1706 βασιλέως
1639 1660 1737 1694 τῶν
1771 1654 2017 1708 Θεσπρω-

460 1731 559 1765 τῶν
590 1733 828 1778 γυναῖκα
861 1730 1137 1781 ἁρπάσων,
1177 1731 1220 1766 τὸ
1252 1728 1364 1767 πολὺ
1398 1732 1464 1778 τῆς
1497 1731 1688 1780 στρατιᾶς
1720 1728 1847 1772 οὕτως
1879 1725 2018 1764 ἀπόλ-

459 1798 572 1848 λυσι,
615 1803 686 1837 καὶ
719 1801 842 1846 αὐτός
883 1814 923 1838 τε
958 1805 1030 1838 καὶ
1071 1799 1308 1852 Πειρίθους
1345 1799 1532 1850 ἥλωσαν,
1566 1803 1637 1837 καὶ
1671 1801 1809 1849 σφᾶς
1842 1799 1863 1836 ὁ
1897 1796 2016 1836 Θεσ-

459 1872 668 1922 πρωτὸς
701 1869 870 1921 δήσας
902 1873 1058 1922 εἶχεν
1090 1872 1135 1909 ἐν
1167 1870 1355 1923 Κιχύρῳ.

519 1937 570 1980 Et
612 1939 747 1993 paulo
792 1941 895 1993 post
933 1936 982 1993 (ἓ
1015 1937 1085 1993 5);
1129 1944 1232 1995 πρὸς
1265 1940 1308 1979 δὲ
1341 1945 1387 1993 τῇ
1419 1940 1596 1993 Κιχύρῳ
1634 1940 1802 1991 λίμνη
1834 1940 1875 1977 τέ
1906 1940 2017 1978 ἐστιν

460 2010 789 2064 Ἀχερουσία
831 2012 1076 2064 καλουμένη
1108 2017 1179 2051 καὶ
1211 2015 1460 2062 ποταμὸς
1498 2011 1743 2063 Ἀχέρων,
1777 2012 1840 2063 ῥεῖ
1871 2009 1915 2048 δὲ
1946 2014 2017 2048 καὶ

458 2080 714 2129 Κωκυτὸς
745 2082 886 2135 ὕδωρ
919 2084 1233 2135 ἀτερπέστατον.

518 2149 667 2204 ltaque
712 2151 924 2193 omnibus
966 2152 1036 2194 his
1080 2152 1194 2194 locis
1237 2153 1376 2193 totum
1421 2149 1586 2193 Orcum
1630 2162 1730 2192 cum
1770 2150 1871 2204 ipso
1915 2161 2016 2204 rege

460 2220 631 2263 inferno
667 2222 855 2276 eiusque
890 2234 1027 2264 uxore
1062 2225 1104 2265 et
1135 2223 1239 2271 filia,
1277 2234 1375 2264 cum
1411 2233 1535 2272 cane,
1569 2233 1669 2263 cum
1699 2220 1949 2263 Acheronte
1977 2222 2019 2262 et

461 2289 644 2346 Cocyto,
690 2304 789 2335 cum
828 2295 921 2335 toto
956 2294 1089 2348 igitur
1120 2317 1176 2321 —-
1210 2295 1255 2336 ut
1288 2293 1347 2335 ita
1381 2293 1528 2335 dicam
1560 2316 1617 2321 ——
1651 2293 1944 2334 instrumento
1977 2292 2019 2332 et

460 2363 741 2417 supellectile
775 2364 819 2406 in
854 2365 1063 2419 regiones
1097 2366 1327 2407 terrestres
1360 2363 1621 2406 translatum
1654 2363 1874 2406 videmus.

521 2503 726 2548 Graviter
759 2509 825 2549 est
857 2507 1118 2558 dolendum,
1149 2507 1271 2561 quod
1301 2508 1530 2561 praeterea
1559 2505 1666 2547 nihil
1697 2517 1751 2548 ex
1778 2505 1833 2546 iis
1851 2503 2016 2546 Thesei

503 2681 532 2720 l)
563 2680 662 2712 Plura
692 2681 735 2712 de
774 2682 827 2712 his
862 2682 1001 2713 Homeri
1026 2683 1057 2713 et
1087 2682 1340 2721 Eugammonis
1364 2681 1453 2713 locis
1476 2681 1544 2713 vid.
1568 2680 1661 2720 apud
1685 2679 1932 2715 Vurthemium,
1955 2678 2014 2718 qui

459 2732 525 2772 (De
548 2732 665 2764 Aiacis
689 2733 833 2772 origine,
857 2734 960 2771 cultu,
984 2735 1092 2773 patria
1116 2742 1147 2773 p.
1169 2734 1232 2765 206
1246 2734 1336 2774 sqq.)
1359 2736 1464 2766 totam
1490 2734 1578 2765 hanc
1601 2741 1672 2765 rem
1696 2732 1885 2764 illustravit.

468 2835 549 2876 102
