2174 3374
210 460 277 503 De
309 459 501 515 singulis
534 459 716 513 quidem
750 459 1119 515 Atthidographis
1153 463 1289 504 multa
1322 475 1405 505 nos
1434 464 1593 506 docere
1616 477 1703 506 non

155 531 311 586 potuit,
355 530 434 572 sed
478 530 587 572 satis
631 541 856 584 superque
911 532 1106 573 ostendit
1138 532 1340 575 Atthides
1376 533 1474 576 illas
1507 535 1707 577 diversas

153 602 213 644 ita
259 613 396 643 unum
445 600 649 643 effecisse
698 612 878 654 corpus,
927 603 972 643 ut
1015 603 1279 656 gravissima
1323 604 1540 646 elementa
1584 617 1707 646 com-

153 672 305 715 munia
336 671 565 720 haberent,
601 682 716 725 quae
750 682 929 725 semper
957 684 978 713 e
1008 673 1153 726 priore
1180 673 1356 715 Atthide
1387 675 1429 715 in
1460 676 1706 728 proximam

85 746 93 760 ⁴
152 743 338 785 transire
381 741 560 795 sibique
603 744 808 784 constare
844 742 1066 785 solebant.
1105 743 1204 793 Qua
1237 755 1281 785 re
1315 745 1596 799 intellegitur,
1631 747 1706 799 qui

151 814 244 855 fieri
292 813 498 867 potuerit,
547 814 593 854 ut
639 807 982 868 Atthidographi
1034 813 1089 855 ab
1140 814 1207 864 iis,
1252 815 1326 867 qui
1372 826 1425 856 ex
1470 816 1553 857 hoc
1587 816 1707 857 tonte

152 884 376 927 uberrimo
410 880 666 933 hauserunt,
700 884 969 937 saepissime
1005 896 1093 925 non
1130 885 1389 926 nominatim
1424 886 1610 927 citentur
1628 887 1707 928 scd

152 954 300 998 cuncti
319 966 408 996 uno
427 953 652 996 vocabulo
672 954 1112 1008 comprehendantur
1140 957 1365 1008 tamquam
1396 960 1433 995 oz
1453 961 1522 1008 τὴν
1548 958 1708 996 Amida

152 1029 468 1080 συγγράψαντες
516 1024 584 1066 vel
633 1024 805 1079 aliquid
855 1025 1092 1067 eiusmodi.
1142 1025 1298 1078 Neque
1348 1026 1452 1067 ister
1496 1038 1609 1079 quae
1653 1027 1708 1068 ab

151 1095 381 1138 Atthidum
415 1095 712 1149 scriptoribus
746 1096 800 1137 de
835 1096 969 1137 rebus
996 1095 1153 1138 Atticis
1182 1096 1340 1137 tradita
1369 1098 1491 1137 erant
1510 1097 1551 1138 in
1573 1109 1707 1138 unum

153 1177 333 1221 corpus,
367 1167 565 1206 Ἀῑθίὸωυ
598 1171 860 1218 συναγωγήν,
896 1178 1136 1221 congerere
1168 1167 1401 1220 potuisset,
1438 1167 1522 1208 nisi
1548 1179 1708 1221 magua

152 1248 256 1291 pars
289 1237 500 1279 omnibus
533 1237 788 1279 communis
820 1236 992 1279 fuisset.

212 1307 494 1362 Quamquam
539 1308 671 1363 igitur
714 1308 908 1361 quisque
941 1307 1324 1362 Atthidographus
1357 1307 1583 1350 Atthidum
1620 1309 1708 1362 pri—

153 1391 279 1422 orum
314 1379 539 1421 materiam
576 1379 888 1434 gravissimam
923 1381 1149 1432 tamquam
1189 1379 1476 1420 hereditatem
1511 1381 1707 1421 sanctam

153 1450 321 1505 recepit
368 1452 410 1492 et
457 1450 671 1505 integram
721 1450 874 1492 heredi
923 1461 1006 1492 suo
1055 1449 1246 1503 reliquit,
1293 1462 1378 1491 non
1423 1452 1568 1491 tamen
1617 1450 1706 1491 {ieri

153 1520 311 1575 potuit,
346 1521 454 1575 quin
489 1520 652 1563 multas
686 1532 870 1574 quoque
905 1532 974 1562 res
1009 1521 1185 1562 diverse
1222 1521 1481 1562 tradiderint
1509 1522 1549 1562 et
1575 1531 1709 1573 saepe

153 1590 239 1633 sibi
284 1591 486 1633 oblocuti
532 1591 633 1642 sint,
679 1591 802 1644 quod
853 1591 1037 1633 totidem
1095 1591 1245 1632 verbis
1293 1591 1413 1644 apud
1447 1589 1707 1632 Strabonem

153 1661 344 1717 legimus
378 1659 453 1716 (IX
490 1663 525 1712 l,
559 1659 631 1716 6);
692 1667 735 1702 οἵ
775 1678 814 1702 τε
857 1667 928 1713 τὴν
963 1662 1131 1701 Ἀτθίδα
1164 1665 1492 1715 συγγράψαντες,
1526 1663 1710 1701 πολλὰ

153 1734 582 1786 διαφωνοῦντες,
617 1736 735 1773 τοῦτό
768 1749 812 1785 γε
845 1735 1130 1784 ὁμολογοῦσιν
1165 1744 1200 1773 e.
1236 1744 1275 1785 q·
1313 1743 1346 1774 S.

212 1803 341 1846 Haud
369 1815 478 1846 sane
509 1804 692 1846 multum
724 1803 984 1858 proficimus
1013 1803 1249 1845 statuendo
1286 1804 1453 1857 partem
1483 1801 1707 1844 Atthidum

152 1874 425 1917 immutatam
461 1875 698 1925 mansisse,
735 1877 903 1928 partem
933 1885 957 1915 a
986 1874 1177 1915 diversis
1206 1873 1500 1927 scriptoribus
1534 1874 1708 1915 diverse

151 1945 356 1987 traditam
401 1956 515 1996 esse,
561 1946 646 1987 nisi
692 1945 824 1987 simul
870 1945 1205 1999 cognoscimus,
1246 1944 1354 1997 quid
1390 1944 1562 1996 utrique
1598 1944 1706 1997 parti

151 2016 370 2070 assignari
400 2016 574 2058 debeat.
604 2015 736 2066 Quod
768 2016 1106 2069 quodammodo
1132 2014 1346 2068 cognosci
1368 2025 1503 2067 posse
1522 2014 1706 2055 videtur.

152 2086 263 2128 Nam
307 2088 408 2129 ante
450 2087 602 2128 omnia
648 2087 733 2128 hoc
768 2089 835 2128 est
868 2086 1125 2136 tenendum,
1160 2084 1364 2126 Atthidas
1398 2084 1496 2125 illas
1531 2084 1708 2125 chroni-

152 2169 305 2200 corum
341 2157 611 2200 urbanorum
648 2158 785 2199 instar
816 2157 957 2199 fuisse
991 2159 1122 2210 atque
1158 2168 1317 2210 magna
1351 2167 1403 2197 ex
1432 2157 1553 2208 parte
1583 2155 1706 2195 inniti

153 2228 380 2271 indicibus
399 2229 737 2283 magistratuum
757 2230 799 2270 et
817 2228 1078 2282 pontificum
1104 2228 1294 2280 aliisque
1315 2225 1478 2267 tabulis
1498 2225 1706 2278 publicis,

152 2309 177 2340 a
210 2298 377 2352 quibus
419 2298 655 2342 deflectere
700 2299 825 2341 nefas
861 2302 972 2344 erat3
1014 2299 1131 2340 unde
1166 2298 1312 2339 lucide
1348 2298 1532 2350 apparet
1567 2296 1607 2336 in
1644 2296 1708 2337 eis

151 2369 432 2423 temporibus
474 2370 750 2420 enarrandis,
795 2381 909 2423 quae
954 2369 1037 2410 hoc
1082 2368 1229 2409 solido
1262 2367 1550 2408 hindamento
1585 2378 1708 2407 care-

152 2439 272 2490 bant,
307 2440 500 2495 singulis
533 2440 793 2482 auctoribus
827 2440 964 2482 multo
999 2439 1210 2480 maiorem
1245 2438 1383 2479 fuisse
1423 2437 1643 2478 licentiam
1684 2448 1708 2477 a

151 2510 388 2553 traditione
423 2511 662 2553 recedendi
698 2522 894 2564 suasque
929 2511 1126 2563 ipsorum
1163 2508 1406 2550 sententias
1440 2506 1706 2560 proferendi.

151 2580 302 2635 ltaque
337 2581 380 2623 in
414 2581 547 2623 rebus
583 2582 824 2632 historicis,
855 2592 969 2634 quae
1000 2579 1163 2621 tabulis
1193 2590 1325 2631 supra
1346 2578 1477 2619 dictis
1498 2578 1706 2626 nituntur,

152 2652 366 2693 maiorem
400 2662 674 2693 consensum
710 2652 821 2692 inter
855 2650 1057 2704 singulas
1087 2648 1291 2690 Atthides
1320 2649 1579 2701 exspectare
1600 2658 1706 2700 pos-

1681 2766 1705 2804 7
