2174 3374
465 514 696 568 pristinam
731 515 1034 569 praedicantis
1065 516 1293 557 materiam
1328 527 1381 558 ex
1420 515 1633 569 Euripide
1665 515 2023 569 deprompsisse.

522 583 656 635 Quod
690 585 726 627 si
762 585 822 627 ita
854 596 902 628 se
937 585 1084 635 habet,
1116 586 1362 628 notandum
1392 586 1567 628 videtur
1594 585 1832 628 Isocratem
1856 585 2024 628 bellum

466 653 672 708 Eumolpi
693 666 926 697 recensere
952 656 1065 697 inter
1092 655 1224 706 bella,
1255 653 1594 709 quaeGraeci
1626 667 1726 698 cum
1756 655 2026 698 barbaris

463 727 711 778 gesserunt.
747 723 892 767 Orsus
928 726 1047 768 enim
1082 726 1138 768 ab
1173 726 1298 768 hisce
1332 725 1483 768 verbis
1512 725 1593 777 (or.
1614 725 1679 777 IV,
1700 723 2025 781 paneg.§66):

464 796 583 835 Δοκεῖ
614 795 658 835 δὲ
689 811 763 848 μοι
796 802 867 836 καὶ
900 803 995 851 περὶ
1029 802 1108 837 τῶν
1150 801 1283 851 πρὸς
1310 801 1433 844 τοὺς
1464 798 1792 851 βαρβάρους
1824 802 1870 850 τῇ
1901 798 2026 837 πόλει

463 868 773 919 πεπραγμένων
805 871 1033 920 προσήκειν
1064 871 1211 917 εἰπεῖν,
1247 868 1489 921 postquam
1523 866 1754 920 pollicitus
1788 868 1855 909 eS‘t
1880 877 1929 909 se
1947 866 2029 908 ‘tria

464 936 732 990 gravissima
775 937 981 991 exempla
1024 937 1258 980 allaturum
1293 948 1408 988 esse,
1443 937 1634 991 primum
1667 937 1888 980 bellorum
1923 936 2029 979 Per-

465 1007 660 1049 sicorum
695 1008 969 1050 mentionem
1003 1007 1121 1058 facit,
1157 1008 1320 1050 deinde
1355 1008 1421 1050 sic
1460 1008 1606 1063 pergit
1638 1005 1685 1061 (ξ
1716 1005 1822 1062 68):
1861 1011 1911 1048 οὐ
1943 1012 2030 1060 μὴν

465 1079 621 1118 ἐλάττω
664 1082 864 1132 τεκμήρια
905 1082 955 1118 τὰ
996 1080 1166 1119 παλαιὰ
1199 1084 1279 1119 τῶν
1311 1081 1443 1133 ἔργων
1475 1081 1559 1119 ἐστὶ
1592 1085 1675 1127 τοῖς
1706 1084 1800 1133 περὶ
1833 1083 2029 1139 τῶνμπα-

464 1152 588 1202 τρίων
635 1151 993 1201 ἀμφισβητοῦσιν.
1043 1151 1099 1189 ἔτι
1148 1153 1228 1203 γὰρ
1280 1155 1476 1202 ταπεινῆς
1523 1152 1650 1202 οὔσης
1695 1155 1762 1201 τῆς
1815 1149 2030 1196 Ἑλλάδος

465 1220 607 1269 ἦλθον
654 1222 712 1267 εἰς
752 1224 824 1270 τὴν
865 1223 1011 1273 χώραν
1052 1222 1173 1271 ἡμῶν
1222 1219 1380 1274 Θρᾷκες
1420 1223 1500 1271 μὲν
1540 1221 1630 1272 μετ’
1673 1220 1914 1271 Εὐμόλπου
1956 1224 2028 1260 τοῦ

465 1288 749 1338 Ποσειδῶνος,
781 1289 953 1330 Σκύθαι
987 1290 1029 1329 δὲ
1061 1290 1150 1341 μετ’
1185 1287 1438 1341 Ἀμαζόνων
1472 1301 1508 1332 e.
1529 1301 1570 1344 q.
1591 1301 1625 1332 S.

527 1358 666 1400 Etiam
715 1360 894 1414 gravior
942 1359 1015 1401 ille
1064 1359 1271 1402 Isocratis
1321 1360 1448 1402 locus
1491 1363 1559 1402 est
1602 1359 1683 1411 (or.
1728 1359 1813 1412 ΧΗ,
1849 1361 2029 1415 panath.

466 1425 495 1481 ξ
532 1427 648 1482 192),
698 1429 773 1471 ubi
823 1432 970 1472 orator
1018 1430 1211 1472 breviter
1259 1433 1598 1473 enumeraturus
1640 1433 1708 1473 est
1750 1431 1918 1481 hostes,
1953 1431 2029 1484 qui

466 1497 664 1542 Athenas
722 1500 863 1542 adorti
924 1503 1040 1551 sunt,
1100 1511 1254 1542 eorum
1313 1501 1467 1552 duces,
1516 1512 1690 1552 causas,
1740 1502 1894 1544 socios
1941 1499 2033 1555 (τὰς

466 1573 712 1624 προφάσεις,
742 1575 791 1619 ἑὲς
818 1573 966 1624 ἔλεγον
992 1578 1064 1612 καὶ
1093 1577 1164 1624 τὴν
1192 1573 1375 1624 δύναμιν
1408 1578 1507 1613 τῶν
1539 1579 1708 1624 γενῶν
1740 1579 1839 1613 τῶν
1871 1589 2031 1613 συνα-

466 1642 908 1694 κολουθησάντων
941 1642 1161 1693 αὐτοῖς).
1197 1640 1241 1685 Si
1273 1642 1689 1698 igiturEumolpum
1706 1655 1786 1698 pro
1806 1643 2031 1686 Eleusini-

467 1722 592 1753 orum
627 1713 754 1754 socio
789 1713 1037 1763 habuisset,
1072 1712 1304 1763 Isocrates,
1340 1714 1511 1768 quippe
1536 1714 1611 1768 qui
1632 1715 1851 1757 bellorum
1870 1725 2033 1757 causas

468 1781 825 1837 bellatorumque
860 1784 1013 1826 socios
1047 1794 1094 1825 se
1128 1784 1406 1839 adJ'ecturum
1440 1795 1540 1827 esse
1575 1786 1871 1839 promisisset,
1900 1785 2032 1828 Eleu-

468 1852 685 1895 siniorum
720 1855 994 1897 mentionem
1039 1865 1126 1896 non
1171 1854 1317 1897 facere
1361 1866 1449 1897 non
1485 1856 1718 1914 potuisset.
1753 1855 1853 1898 Non
1888 1856 2033 1911 magis

469 1923 523 1965 de
568 1923 622 1966 iis
667 1925 896 1979 cogitabat
937 1937 1071 1979 quam
1117 1926 1359 1980 Lycurgus,
1404 1926 1489 1968 hoc
1534 1926 1720 1969 dicens:
1764 1927 1923 1982 Θρᾷκες
1952 1931 2033 1975 μὲν

468 1998 547 2048 γὰρ
588 1995 675 2046 μετ’
720 1996 961 2047 Εὐμόλπου
1004 2002 1075 2037 ῑοῦ
1118 1997 1390 2044 Ποσειδῶνος
1434 1999 1659 2048 εἰσέβαλον
1696 2001 1753 2045 εἰς
1785 2003 1857 2049 τὴν
1886 2001 2033 2052 χώραν

468 2068 601 2116 ἡμῶν,
646 2068 689 2113 ὃς
730 2069 1049 2120 ἠμφισβήτησεν
1093 2068 1286 2121 Ἐρεχθεῖ
1323 2073 1390 2119 τῆς
1421 2069 1598 2117 πόλεως,
1633 2071 1803 2120 φάσκων
1837 2069 2033 2108 Ποσειδῶ

468 2138 670 2188 πρότερον
709 2137 893 2189 Ἀθηνᾶς
924 2139 1187 2188 καταλαβεῖν
1219 2141 1361 2189 αὐτήν.
1404 2137 1505 2191 Ipsa
1548 2138 1657 2180 haec
1697 2138 1851 2181 ultima
1897 2139 2033 2181 verba

470 2205 807 2249 accuratissime
866 2208 1141 2262 respondere
1201 2208 1306 2250 belli
1367 2219 1546 2258 causae,
1606 2220 1739 2263 quam
1794 2209 2034 2264 Euripides

470 2275 688 2326 attulerat,
738 2289 842 2319 mox
892 2278 1139 2332 apparebit.
1190 2277 1399 2332 Denique
1442 2281 1596 2321 notatu
1640 2279 1824 2334 dignum
1868 2280 2034 2334 vixque

471 2356 617 2388 merae
660 2346 864 2390 fortunae
907 2349 1195 2391 tribuendum
1240 2351 1307 2391 est
1348 2349 1535 2391 verbum
1578 2353 1875 2404 ἀμφισβητεῖν,
1909 2351 2032 2404 quod

471 2419 634 2470 sponte
665 2418 797 2461 nobis
827 2419 1089 2474 Lycurgum,
1110 2418 1147 2471 ¹)
1168 2420 1192 2462 i.
1214 2432 1250 2462 e.
1272 2420 1546 2475 Euripidem,
1566 2421 1609 2463 in
1628 2423 1820 2463 mentem
1840 2424 2033 2471 revocat,

472 2490 660 2541 utroque
694 2488 902 2532 Isocratis
936 2490 1038 2533 loco
1077 2502 1321 2533 occurrere.

532 2557 819 2602 Revertamur
847 2561 902 2602 ad
933 2561 1078 2615 ipsius
1107 2561 1365 2616 tragoediae
1394 2561 1621 2616 reliquias,
1651 2573 1765 2616 quas
1792 2563 1828 2604 si
1850 2574 2033 2605 accura-

517 2708 543 2744 l)
567 2708 642 2740 Vid.
666 2717 771 2748 supra
796 2718 825 2749 p.
853 2710 898 2742 15.

477 2809 530 2851 16
