2174 3374
171 510 348 574 Hygino
392 516 587 572 (Astron.
633 516 785 573 1135),
831 520 906 574 qui
952 519 1008 561 ab
1053 518 1309 562 Atthidibus
1352 519 1465 561 113116
1508 519 1726 560 vetustam

170 590 306 643 mythi
340 590 593 632 versionem
628 590 811 632 mutuati
848 601 948 632 esse
981 590 1200 632 videntur.
1230 589 1328 644 lpse
1347 589 1504 632 saltem
1526 588 1729 644 Hyginus

171 659 226 702 de
260 671 370 702 cane
414 659 582 703 Minois
611 662 654 702 et
686 661 741 703 de
770 660 905 715 vulpe
939 672 1079 715 agens
1112 672 1165 703 ex
1199 660 1306 702 lstro
1340 660 1449 702 haec
1483 670 1531 702 se
1566 659 1728 701 habere

171 730 413 785 profitetur,
463 730 539 784 qui
588 742 679 773 non
727 731 873 774 solum
921 731 1119 773 tabulam
1169 731 1294 773 canis
1342 733 1383 772 et
1435 730 1599 785 vulpis,
1648 729 1728 772 sed

170 801 302 843 etiam
337 798 526 855 Cephali
562 801 715 843 iudicii
744 803 1021 853 tractaverat,
1051 804 1097 844 ut
1122 802 1329 844 videmus
1357 813 1410 843 ex
1437 801 1487 844 fr.
1520 801 1572 843 19
1600 800 1729 853 (Har-

171 883 293 926 pocr.
327 882 361 914 S.
381 883 421 913 V.
465 871 734 924 Ἐπενεγκεῖν
777 873 923 927 odom:
967 871 1132 926 Ἴστρος
1164 873 1208 912 δὲ
1241 875 1285 912 ἐν
1318 878 1363 925 τῇ
1397 878 1619 926 συναγωγῇ
1650 878 1730 912 τῶν

171 942 381 983 Ἀτθίδων
427 948 524 997 περὶ
570 943 810 997 Προκρίδος
855 949 926 983 καὶ
970 943 1180 995 Κεφάλου
1222 946 1352 982 εἰπὼν
1408 945 1560 995 γράφει
1600 946 1727 982 ταυτί·

173 1014 289 1061 Τινὲς
321 1013 365 1053 δὲ
396 1015 465 1054 ἐπὶ
498 1018 569 1054 τοῦ
602 1016 737 1066 τάφου
770 1014 872 1068 δόρυ
904 1016 1233 1066 καταπεπηχότα
1265 1016 1335 1053 τὸν
1367 1013 1593 1066 ”Ερεχθέα
1626 1016 1730 1065 φασὶ

169 1086 435 1137 πεποιῆσθαι
476 1086 892 1139 παρακαταθέμενόν
924 1100 964 1124 τε
996 1089 1067 1124 καὶ
1100 1089 1143 1124 τὸ
1175 1085 1318 1132 πάθος
1350 1087 1626 1136 σημαίνοντα,
1661 1083 1731 1123 διὰ

170 1158 214 1195 τὸ
246 1157 432 1207 νόμιμον
463 1159 573 1196 εἶναι
605 1161 688 1204 τοῖς
719 1159 979 1210 προσήκουσι
1008 1160 1153 1195 τοῦτον
1180 1158 1250 1195 τὸν
1278 1157 1433 1208 τρόπον
1448 1156 1732 1207 μετέρχεσθαι

170 1229 264 1273 τοὺς
295 1228 461 1278 φονέας.

230 1293 399 1338 Contra
447 1295 640 1350 Rapp1)
688 1308 741 1338 ex
793 1296 862 1339 1115
910 1296 1061 1338 verbis
1109 1295 1268 1346 effecit,
1318 1294 1583 1349 Apollodori
1632 1306 1733 1337 nar-

120 1412 123 1415 ,
171 1366 388 1409 rationem
438 1378 528 1408 non
578 1379 632 1409 ex
679 1367 787 1410 Istro
839 1368 1043 1410 haustam
1093 1378 1207 1418 esse,
1254 1366 1353 1417 „bei
1397 1366 1615 1408 welchem
1659 1366 1732 1408 die

172 1437 426 1493 Erzahlung
457 1450 545 1480 von
580 1437 773 1481 Prokris’
808 1438 907 1480 Tod
942 1438 1020 1480 mit
1052 1438 1154 1480 dem
1188 1438 1487 1492 feindseligen
1506 1436 1732 1479 Auftreten

171 1509 253 1551 des
295 1508 571 1552 Erechtheus
614 1509 911 1564 geschlossen
946 1521 999 1550 zu
1035 1508 1181 1551 haben
1216 1508 1405 1559 scheint,
1441 1508 1518 1550 der
1550 1507 1621 1550 bei
1656 1507 1735 1549 der

172 1579 459 1634 Beerdigung
477 1577 549 1620 die
570 1577 713 1619 Lanze
748 1578 818 1620 ins
852 1575 976 1620 Grab
1010 1577 1158 1627 stiess,
1194 1588 1266 1618 um
1301 1587 1350 1618 65
1383 1576 1521 1618 (1311111
1553 1575 1620 1618 315
1653 1575 1734 1618 das

172 1651 299 1696 eines
344 1653 497 1702 βιαίως
545 1651 785 1689 ἀποθανών
832 1661 884 1690 zu
934 1646 1256 1690 bezeichnen''.
1307 1646 1443 1689 Plane
1493 1658 1561 1688 me
1608 1646 1733 1701 fugit,

172 1721 292 1764 unde
323 1733 364 1763 V.
398 1720 440 1763 d.
475 1719 659 1775 colligat
692 1724 734 1760 τὸ
766 1723 1005 1771 καταπτῆξαι
1038 1718 1139 1772 δόρυ
1172 1721 1240 1758 ἐπὶ
1274 1723 1345 1758 τοῦ
1378 1720 1513 1770 τάφου
1546 1717 1733 1759 finem

172 1792 265 1836 lstri
299 1791 568 1834 narrationis
601 1790 821 1833 effecisse.
856 1790 993 1832 lmmo
1030 1790 1113 1831 hoc
1147 1789 1345 1831 facinore
1379 1788 1541 1831 minaci
1572 1788 1736 1830 Erech-

171 1863 303 1906 theus
345 1861 595 1917 symbolice
630 1861 799 1904 indicat
832 1872 880 1903 se
918 1860 1245 1902 interfectorem
1279 1859 1411 1910 filiae,
1447 1870 1562 1913 quae
1596 1865 1735 1901 morte

172 1933 371 1976 violenta
397 1933 602 1988 perierat,
633 1934 971 1987 persecuturum
1002 1942 1103 1974 esse
1132 1933 1174 1973 et
1192 1931 1276 1973 nisi
1298 1931 1397 1985 ipsa
1415 1925 1525 1972 ultio
1544 1930 1734 1981 additur,

171 2005 263 2047 tota
280 2005 467 2047 historia
494 2004 613 2046 fine
646 2015 750 2046 suo
785 2005 954 2046 caret.
991 2000 1094 2046 Sine
1114 2002 1254 2045 dubio
1274 2013 1380 2056 ergo
1400 1999 1588 2055 Cephali
1609 2001 1735 2043 dam-

174 2075 399 2118 nationem
444 2075 551 2118 lster
593 2074 760 2117 adiecit
802 2076 936 2128 atque
971 2074 1053 2116 hac
1089 2074 1132 2115 in
1161 2085 1205 2115 re
1240 2083 1422 2126 quoque
1456 2070 1734 2126 Apollodoro

175 2146 383 2201 exemplo
416 2145 510 2189 fuit.

232 2216 298 2260 Ad
348 2217 464 2260 hanc
512 2217 646 2272 igitur
693 2216 871 2259 fabulae
919 2215 1107 2257 formam
1151 2214 1379 2268 antiquam
1425 2224 1472 2256 se
1516 2211 1737 2267 applicuit

174 2289 293 2340 Ister,
352 2300 625 2343 quamquam
687 2288 772 2330 iam
833 2286 972 2329 multo
1031 2293 1130 2328 ante
1178 2285 1327 2327 versio
1378 2284 1509 2338 plane
1558 2284 1736 2326 diversa

175 2359 392 2412 exstabat,
436 2371 552 2414 quae
597 2359 788 2413 primum
834 2357 954 2412 apud
998 2356 1301 2410 Pherecydem
1336 2355 1403 2406 (fr.
1437 2355 1511 2407 77)
1545 2354 1737 2397 occurrit

175 2433 218 2474 et
249 2433 391 2474 aetate
423 2431 672 2485 posteriore
706 2429 883 2472 traditio
915 2428 1095 2483 vulgata
1126 2427 1243 2470 facta
1276 2428 1355 2469 est.
1375 2423 1411 2480 ²)

220 2625 251 2665 1)
273 2624 429 2659 Roscher
450 2623 473 2656 ll
501 2623 588 2656 1094.

217 2677 251 2718 2)
269 2678 368 2724 ‚ldem
391 2677 460 2709 tere
484 2677 572 2709 redit
594 2676 688 2716 apud
713 2675 815 2709 Ovid.
839 2675 919 2707 Met.
944 2673 998 2706 Vll
1021 2673 1082 2705 687
1106 2680 1193 2713 sqq„
1218 2672 1391 2713 Hyginum
1416 2672 1484 2704 tab.
1513 2671 1579 2709 189,
1593 2670 1738 2704 Antoni-

178 2738 262 2764 num
283 2730 478 2763 Liberalem
501 2730 550 2762 41.

1681 2828 1730 2870 41
