2174 3374
454 496 540 538 iam
570 497 702 538 notus
732 498 834 546 erat,
863 508 963 538 cum
992 494 1301 538 Marathonem
1332 493 1700 548 proficisceretur,
1719 492 2015 536 Marathoniis

453 567 669 620 originem
705 577 829 608 suam
866 567 1045 608 nonnisi
1081 568 1205 608 tauro
1240 566 1451 619 superato
1486 565 1708 619 patefecit.

512 636 654 678 Nemo
689 649 793 691 ergo
828 639 1001 691 praeter
1037 636 1415 691 Mythographum
1450 632 1519 687 (z
1540 636 1879 690 epitomatorem
1898 636 2015 677 Vati-

454 705 631 760 canum)
664 709 886 749 certamen
922 719 1022 750 cum
1056 710 1181 749 tauro
1211 707 1367 749 initum
1396 707 1585 748 Medeae
1614 706 1732 749 dolis
1760 707 2015 749 immiscuit.

455 777 584 820 Unde
619 779 728 820 haec
762 779 910 820 versio
945 779 1126 820 insolita
1159 779 1377 833 originem
1412 777 1574 820 ducit?

513 848 772 903 Euripidem
806 849 1002 891 fabulam
1037 849 1242 891 traditam
1278 849 1487 891 consulto
1517 849 1582 891 sic
1602 849 1846 891 mutavisse
1866 848 2017 891 statuit

453 918 704 974 Wagnerus
747 919 790 971 (l.
823 920 883 971 l.),
928 932 1061 974 quem
1106 922 1289 962 secutus
1323 922 1390 962 est
1422 919 1661 962 Michaelis
1685 920 1739 971 ¹),
1774 920 1849 973 qui
1884 919 2015 961 etiam

453 990 759 1032 demonstrare
789 993 977 1033 conatus
997 993 1063 1033 est
1082 1003 1260 1033 omnem
1276 991 1673 1041 necessitudinem,
1693 1002 1808 1044 quae
1827 990 2016 1032 Medeae

453 1072 553 1102 cum
587 1060 737 1115 Aegeo
770 1061 1048 1115 Athenisque
1083 1064 1164 1112 est,
1198 1062 1254 1104 ab
1291 1062 1502 1116 Euripide
1537 1073 1638 1104 esse
1658 1063 1850 1103 creatam
1870 1072 2016 1114 neque

453 1134 583 1173 antea
618 1133 730 1174 inter
763 1144 859 1174 eam
895 1135 936 1175 et
968 1132 1267 1175 Athenienses
1302 1133 1436 1174 ullam
1456 1133 1672 1174 rationem
1692 1132 2015 1174 intercessisse.

511 1201 577 1243 Ad
612 1202 726 1244 hanc
761 1204 1074 1256 quaestionem
1110 1203 1451 1245 dissolvendam
1486 1203 1633 1254 nobis,
1668 1203 1724 1245 ab
1758 1203 2018 1245 auctoribus

454 1273 693 1325 destitutis,
726 1274 893 1316 auxilio
926 1275 1112 1316 veniunt
1145 1274 1235 1316 duo
1269 1274 1375 1316 artis
1409 1285 1560 1328 opera,
1595 1286 1783 1328 quorum
1818 1274 2017 1324 alterum,

454 1346 605 1397 patera
650 1356 764 1398 quae
809 1345 970 1387 dicitur
1012 1343 1253 1395 Codriana,
1289 1345 1422 1387 nobis
1455 1346 1760 1399 repraesentat
1790 1344 2017 1386 Theseum

455 1417 497 1456 et
525 1414 838 1464 Phorbantem,
869 1418 1104 1470 utrumque
1135 1416 1268 1470 plane
1297 1417 1512 1458 armatum
1542 1418 1583 1458 et
1607 1416 1662 1458 ad
1683 1415 2017 1470 expeditionem

456 1486 683 1539 quandam
720 1487 1020 1541 periculosam
1057 1489 1275 1541 paratum.

515 1554 681 1599 Contra
724 1557 950 1600 Theseum
995 1560 1109 1600 astat
1146 1557 1339 1613 Aegeus,
1372 1558 1536 1600 Medea
1568 1557 1810 1600 Phorbanti
1846 1557 2018 1613 galeam

456 1628 654 1682 porrigit,
697 1628 859 1671 Aethra
903 1629 1048 1683 capite
1092 1629 1240 1671 velato
1276 1629 1431 1683 procul
1467 1629 1673 1672 intuetur.
1708 1627 1893 1672 Summo
1927 1630 2019 1671 iure

455 1698 693 1741 Michaelis
712 1700 909 1741 ostendit
929 1698 977 1753 ²),
998 1711 1082 1742 nos
1111 1701 1182 1742 hic
1212 1711 1396 1754 prorsus
1422 1700 1612 1743 eundem
1643 1701 1856 1754 mythum,
1886 1712 2019 1754 quem

455 1769 576 1823 apud
636 1769 1015 1825 Mythographum
1075 1771 1281 1826 legimus,
1334 1773 1435 1813 ante
1484 1771 1643 1813 oculos
1691 1771 1869 1822 habere,
1920 1771 1945 1812 i.
1982 1782 2019 1813 e.

455 1839 696 1890 Theseum,
746 1841 802 1883 ab
851 1841 1002 1897 Aegeo
1053 1845 1094 1884 et
1142 1842 1305 1884 Medea
1354 1843 1555 1893 missum,
1617 1854 1716 1884 cum
1765 1841 2020 1884 Phorbante

455 1913 610 1953 contra
643 1914 815 1954 taurum
851 1912 1183 1955 Marathonium
1220 1913 1594 1967 proficiscentem.

515 1981 582 2024 De
626 1983 763 2024 altero
808 1995 915 2025 vase
960 1984 1147 2026 haesito.
1193 1983 1269 2026 Est
1309 1981 1514 2038 „pelica”
1547 1984 1768 2038 quaedam
1804 1982 2022 2038 Petropo-

456 2053 605 2104 litana,
639 2053 683 2094 in
718 2054 890 2107 oppido
925 2053 1109 2096 Kertsch
1145 2056 1331 2109 reperta,
1366 2055 1409 2096 in
1439 2066 1528 2109 qua
1556 2055 1718 2097 Medea
1746 2055 2023 2109 conspicitur

456 2123 678 2174 iuvenem,
729 2125 806 2178 qui
856 2124 985 2167 clava
1035 2125 1266 2179 pallioque
1327 2126 1369 2167 in
1419 2128 1531 2168 terra
1577 2126 1799 2180 depositis
1846 2128 2019 2168 taurum

457 2194 639 2236 domare
674 2197 874 2246 conatur,
910 2196 1172 2250 inspiciens,
1207 2196 1410 2238 Minerva
1444 2198 1485 2238 et
1517 2196 1606 2238 alio
1641 2197 1838 2251 quodam
1859 2197 2020 2239 iuvene

457 2265 721 2308 astantibus.
751 2266 991 2309 Michaelis
1020 2267 1091 2308 hic
1121 2278 1304 2321 quoque
1333 2266 1560 2309 Theseum
1590 2269 1762 2310 taurum
1791 2267 2020 2309 Maratho-

457 2336 578 2377 nium
628 2337 880 2379 vincentem
931 2349 1178 2392 agnoscere
1227 2336 1396 2389 vu1t‚³)
1447 2350 1722 2392 quamquam
1772 2350 1861 2380 non
1911 2338 2021 2380 satis

501 2416 530 2455 1)
565 2416 663 2447 Arch.
698 2416 770 2456 Ztg.
797 2417 875 2448 1885
909 2425 940 2456 p.
963 2417 1019 2449 291
1048 2425 1124 2457 sqq.
1160 2417 1237 2454 „die
1271 2417 1498 2458 Verbiudung
1521 2418 1680 2450 Medeias
1705 2419 1764 2450 mit
1789 2418 1927 2457 Aegeus
1950 2417 2020 2449 und

456 2462 566 2494 Athen
592 2463 635 2494 ist
669 2464 746 2495 kein
781 2465 864 2496 alter
898 2464 1094 2504 Sagenzug‚
1129 2466 1296 2503 sondern,
1336 2473 1377 2497 so
1412 2465 1490 2498 weit
1523 2466 1584 2497 wir
1617 2466 1725 2497 seheri
1759 2466 1910 2502 konnen,
1945 2465 2022 2497 eine

457 2509 650 2550 Ertindung
674 2511 738 2542 des
762 2511 977 2550 Euripidesff·

498 2557 532 2596 2)
555 2557 657 2589 Arch.
678 2558 751 2597 Ztg.
778 2558 856 2590 1877
880 2567 911 2598 p.
935 2559 983 2590 77.

498 2605 531 2643 3>
556 2605 656 2636 Arch.
679 2606 751 2645 Ztg.
778 2606 856 2637 1877
879 2615 911 2646 p.
934 2607 974 2638 75
988 2615 1085 2646 sqq.;
1113 2607 1190 2639 1885
1214 2615 1244 2646 p.
1268 2607 1324 2638 231
1343 2615 1430 2646 sqq„
1453 2616 1485 2647 p.
1508 2607 1578 2643 281,
1602 2615 1634 2646 p.
1656 2607 1712 2639 291
1731 2615 1806 2647 sqq
1831 2607 1905 2639 Vid.
1919 2608 2021 2639 etiam

452 2650 479 2692 J.
515 2651 552 2682 Η.
588 2651 778 2689 Goedhart,
820 2652 871 2685 De
906 2653 1053 2685 Medeae
1094 2654 1215 2694 Mytho
1249 2655 1341 2693 apud
1376 2655 1541 2693 antiquos
1576 2655 1764 2694 scriptores
1799 2657 1829 2687 et
1863 2653 2021 2692 artifices,

458 2705 488 2736 p.
513 2697 553 2728 52
567 2706 617 2737 sd.
643 2698 693 2730 Cf.
719 2701 895 2737 praeterea
920 2699 1076 2734 Roscher
1100 2700 1134 2737 ll,
1158 2701 1224 2732 col.
1247 2700 1338 2732 2513,

459 2799 514 2841 68
