2174 3374
568 518 662 560 Hos
703 528 875 567 versus,
920 517 1086 570 quibus
1128 516 1454 571 Aristophanes
1487 517 1802 572 cognominem
1837 516 2065 571 Euripidis

506 592 781 647 tragoediam
832 592 1014 634 irridere
1062 592 1198 647 vulgo
1247 594 1437 646 putatur,
1486 593 1542 634 ad
1592 593 1794 635 eiusdem
1837 592 2063 635 Theseum

506 663 670 705 rettulit
703 663 878 716 Mayer;
913 663 956 704 in
991 661 1181 717 Polyido
1215 663 1333 705 enim
1378 664 1600 705 neminem
1637 664 1878 718 excogitari
1913 675 2064 717 posse,

506 735 576 777 cui
626 733 829 776 Phaedra
877 734 919 775 in
969 734 1299 776 matrimonium
1350 734 1443 776 dari
1493 735 1661 787 possit;
1718 734 2065 788 Aristophanem

506 807 651 847 autem
698 816 752 846 ne
797 805 840 846 in
882 805 1121 847 comoedia
1153 801 1347 858 squidem
1392 803 1640 847 Phaedram
1675 805 1793 847 haud
1827 804 1956 846 facile
1991 805 2064 847 alii

506 877 663 918 marito
682 876 786 918 dare
805 887 942 929 posse
961 875 1046 917 nisi
1065 875 1259 926 Theseo,
1279 875 1408 917 cuius
1427 875 1785 918 infelicissimum
1806 876 2065 930 coniugium

506 947 765 1001 Hippolytis
808 946 1064 1000 Euripideis
1107 946 1417 1001 pervulgatum
1455 948 1497 988 et
1539 946 1594 988 ab
1633 947 1734 1000 ipso
1767 945 2067 1001 Aristophane

506 1029 643 1072 saepe
686 1018 967 1072 perstrictum
1012 1019 1143 1059 esset.
1183 1016 1317 1059 Hisce
1352 1017 1484 1072 igitur
1517 1017 1667 1059 inesse
1701 1017 1933 1071 parodiam
1968 1029 2067 1059 ver-

505 1089 664 1131 borum
707 1089 891 1138 Minois,
934 1088 1114 1130 Theseo
1156 1087 1291 1129 filiam
1336 1099 1462 1130 suam
1498 1086 1745 1130 Phaedram
1781 1090 1884 1142 post
1916 1088 2067 1130 Mino-

505 1162 675 1201 taurum
711 1160 914 1201 necatum
950 1159 993 1200 in
1026 1159 1113 1201 fine
1146 1159 1358 1201 dramatis
1392 1170 1574 1201 uxorem
1609 1159 1770 1202 dantis.

565 1229 685 1272 Haec
718 1229 808 1272 fere
842 1231 958 1279 sunt,
993 1229 1152 1283 partim
1187 1230 1332 1284 ipsius
1365 1229 1515 1272 verbis
1549 1230 1734 1281 reddita,
1770 1241 1886 1284 quae
1914 1230 2068 1284 Mayer

507 1301 689 1355 protulit
731 1301 788 1343 ad
817 1301 1216 1343 demonstrandum
1243 1302 1379 1343 totam
1409 1301 1464 1343 de
1494 1312 1643 1343 amore
1673 1303 1714 1343 et
1740 1300 1817 1342 filo
1844 1299 2066 1343 Ariadnae

505 1372 734 1414 historiam
770 1371 825 1413 ab
860 1372 1072 1426 Euripide
1107 1374 1323 1414 narratam
1358 1383 1447 1414 non
1482 1383 1596 1414 esse.
1632 1372 1765 1414 Levia
1799 1372 1908 1414 haec
1937 1383 2068 1426 argu-

506 1445 653 1485 menta
681 1454 781 1485 esse
810 1443 895 1484 iam
916 1454 1052 1496 supra
1071 1443 1176 1485 dixi.
1196 1442 1306 1485 Nam
1329 1443 1451 1497 quod
1471 1443 1625 1485 attinet
1643 1443 1699 1485 ad
1718 1443 2066 1497 discrepantiam

506 1514 640 1564 illam,
687 1525 802 1568 quae
835 1515 1106 1565 nasceretur,
1140 1515 1176 1556 si
1212 1516 1346 1568 poeta
1380 1515 1423 1556 in
1455 1514 1635 1557 Theseo
1669 1513 1976 1556 Ariadnam
2010 1513 2067 1556 ab

505 1585 639 1627 heroe
669 1587 822 1627 nostro
852 1586 1023 1639 raptam
1052 1596 1167 1636 esse,
1193 1585 1236 1627 in
1266 1585 1512 1639 Hippolyto
1538 1585 1550 1627 Ι
1574 1587 1720 1627 autem
1750 1583 2066 1627 Phaedram

505 1656 543 1697 ei
579 1658 761 1710 nuptam
797 1667 897 1698 esse
930 1656 1135 1698 tinxisset
1167 1679 1220 1684 —
1263 1655 1395 1698 facile
1428 1656 1612 1710 Mayero
1647 1656 1849 1698 concedo
1884 1655 2067 1698 alterum

506 1727 590 1768 hoc
619 1726 878 1781 coniugium
907 1727 1060 1781 aliquo
1087 1727 1222 1769 modo
1242 1729 1402 1781 poetae
1422 1727 1742 1769 instituendum
1763 1728 1818 1777 et,
1837 1726 2068 1780 quomodo

504 1796 669 1839 factum
705 1799 837 1847 esset,
868 1797 1187 1852 explicandum
1220 1797 1375 1840 fuisse.
1410 1796 1530 1848 Quin
1564 1799 1724 1852 poetae
1754 1797 1982 1853 ingenium
2012 1796 2068 1838 ad

505 1869 621 1910 hanc
665 1867 972 1910 difficultatem
1015 1868 1261 1911 tollendam
1305 1869 1615 1923 suppetiverit,
1656 1881 1744 1911 non
1784 1868 2067 1920 dubitamus,

505 1940 656 1990 immo,
701 1940 933 1993 quomodo
979 1942 1112 1994 poeta
1155 1940 1240 1982 hoc
1273 1940 1440 1991 fecerit,
1475 1940 1657 1982 minime
1691 1940 1933 1982 obscurum
1968 1951 2069 1993 per-

505 2010 743 2065 plexumve
779 2013 859 2061 est,
893 2012 973 2054 sed
1008 2012 1228 2054 discimus
1261 2012 1317 2054 ab
1347 2024 1436 2054 uno
1466 2024 1489 2054 e
1518 2011 1860 2066 posterioribus,
1891 2011 1967 2064 qui
1987 2010 2069 2052 hac

505 2082 547 2123 in
581 2081 733 2124 fabula
767 2083 1014 2125 enarranda
1048 2085 1222 2136 praeter
1254 2085 1428 2125 ceteros
1462 2082 1721 2137 Euripidem
1756 2083 1938 2124 secutus
1968 2092 2069 2124 esse

503 2153 691 2204 videtur,
736 2152 986 2196 Diodorum
1031 2153 1150 2204 volo,
1196 2154 1286 2207 qui,
1323 2156 1563 2208 postquam
1598 2153 1810 2208 exposuit
1841 2151 2068 2194 Theseum

503 2224 759 2266 Minotauro
794 2227 953 2267 necato
988 2236 1074 2279 ope
1102 2224 1323 2267 Ariadnae
1351 2224 1589 2279 labyrinthi
1620 2224 1785 2267 exitum
1814 2223 2069 2278 repperisse

504 2297 638 2349 atque
686 2294 880 2337 Ariadna
930 2296 973 2337 in
1022 2295 1169 2338 insula
1216 2295 1343 2338 Naxo
1388 2308 1413 2338 a
1456 2295 1661 2350 Dionyso
1705 2296 1830 2349 rapta
1872 2293 2070 2336 Athenas

505 2366 709 2416 rediisse,
742 2366 817 2408 ubi
855 2366 993 2420 patris
1027 2378 1212 2422 regnum
1247 2367 1484 2421 acceperit,
1519 2367 1583 2409 sic
1618 2366 1763 2421 pergit
1786 2363 1855 2420 1):
1989 2373 1992 2376 ⁴

564 2438 808 2477 Δευκαλίων
851 2441 872 2477 ὁ
915 2441 1201 2491 πρεσβύτατος
1244 2445 1324 2479 τῶν
1365 2439 1540 2486 Μίνωος
1582 2439 1761 2488 παίδων,
1805 2438 2071 2477 δυναστεύων

505 2514 572 2560 τῆς
599 2509 764 2562 Κρήτης
790 2514 861 2548 καὶ
884 2513 1172 2562 ποιησάμενος
1189 2514 1292 2564 πρὸς
1310 2509 1562 2562 Ἀθηναίους
1580 2513 1846 2562 συμμαχίαν,
1866 2511 2071 2559 συνῴκισε

505 2582 577 2629 τὴν
611 2579 724 2618 ἰδίαν
752 2579 944 2632 ἀδελφὴν
972 2581 1164 2634 Φαίδραν
1192 2581 1332 2634 Θησεῖ,
1360 2585 1466 2633 μετὰ
1494 2581 1535 2619 δὲ
1565 2585 1636 2619 τὸν
1653 2583 1791 2631 γάμον
1811 2579 2069 2618 Ἱππόλυτον

552 2723 581 2761 1)
605 2721 708 2755 Diod.
733 2723 772 2755 lV
797 2731 824 2756 c.
846 2724 896 2755 62.

505 2824 564 2866 80
