2174 3374
465 508 562 550 sine
607 507 697 549 ullo
741 506 880 549 dubio
927 518 1010 549 nos
1052 506 1262 561 delegant
1300 507 1355 548 ad
1401 505 1697 547 narrationem
1744 503 2023 558 Apollodori,

466 579 586 632 apud
622 590 754 631 quern
790 577 899 619 haec
933 577 1125 631 legimus
1159 574 1293 628 (Bibl.
1329 575 1377 617 111
1415 576 1480 625 15,
1513 572 1584 627 4):

524 649 660 700 Χιόνη
709 649 751 686 δὲ
799 648 1038 687 Ποσειδῶνι
1081 651 1291 698 μίγνυῖαι·
1328 647 1389 684 ‘H
1417 647 1460 685 δὲ
1493 649 1634 699 κρύφα
1666 650 1736 684 ῑοῦ
1769 649 1924 698 πατρὸς,
1941 644 2023 682 Εὔ-

463 721 636 770 μολπον
684 724 872 758 τεκοῦσα,
923 722 993 756 ἵνα
1040 722 1099 768 μὴ
1146 719 1313 768 γένηται
1361 719 1612 767 καταφανὲς,
1664 719 1721 762 εἷς
1768 719 1837 754 τὸν
1883 716 2026 764 βυθὸν

466 793 596 843 ῥίπτει
656 792 699 828 τὸ
756 788 943 827 παιδίον.
1003 787 1228 826 Ποσειδῶν
1285 787 1328 825 δὲ
1377 787 1637 837 ἀνελόμενος
1684 790 1741 833 εἰς
1788 786 2026 824 Αἰθιοπίαν

465 860 642 911 κομίζει,
692 864 758 897 καὶ
809 858 954 897 δίδωσι
996 857 1296 910 Βενθεσικύμῃ)
1345 860 1508 909 τρέφειν
1553 859 1682 895 αὐτοῦ
1724 858 1903 908 θυγαιρὶ
1956 861 2026 895 καὶ

472 931 736 983 ’.έίλιιφιῑρίτῃς
783 928 852 975 ξ,Ως
895 928 938 966 δὲ
981 929 1209 979 ἐτελειώθη
1253 927 1376 966 ἔνδον
1418 929 1462 966 ἐν
1494 927 1829 979 Βενθεσικύμηςτ
1866 929 1888 965 ὁ
1921 929 2028 979 ἀνὴρ

466 1005 537 1051 τὴν
570 1002 714 1052 ἑτι-’ραν
748 1002 858 1049 αὐτῷ
892 1004 972 1037 Τῶν
1006 999 1251 1051 θυγατέρων
1284 998 1466 1037 δίδωσιν.
1504 998 1551 1036 ‘O
1578 998 1621 1036 δὲ
1648 1003 1715 1036 καὶ
1748 997 2028 1048 τὴνάὄελφὴν

466 1077 533 1123 τῆς
575 1072 841 1122 γαμηθείσης
885 1071 1131 1122 ἐπεχείρησε
1170 1070 1418 1119 βιάζεσθαι·
1463 1074 1533 1108 καὶ
1568 1068 1638 1107 διὰ
1671 1073 1788 1107 τοῦτο
1822 1067 2028 1120 φυγαδευ-

465 1143 571 1191 θεὶς,
617 1144 723 1192 μετὰ
771 1138 978 1193 Ἰσμάρου
1026 1143 1097 1178 τοῦ
1140 1139 1291 1186 παιδὸς
1334 1143 1436 1193 πρὸς
1482 1140 1682 1192 Τεγύριον
1727 1143 1809 1190 ἧκε,
1853 1137 2029 1191 Θρᾳκῶν

465 1213 664 1262 βασιλέα,
701 1213 744 1258 ὃς
776 1213 904 1249 αὐτοῦ
938 1214 991 1260 τῷ
1023 1209 1144 1248 παιδὶ
1179 1214 1250 1260 τὴν
1282 1211 1498 1263 θυγαῑέρα
1532 1212 1776 1261 συνῴκισεν.

527 1281 647 1322 Haec
691 1280 842 1322 omnia
886 1279 1060 1334 prologi
1101 1278 1329 1333 Euripidei
1365 1281 1673 1334 argumentum
1709 1278 1893 1321 reddere
1928 1289 2029 1332 per-

467 1353 674 1406 spicuum
726 1353 803 1393 est.
862 1349 999 1392 Poeta
1048 1351 1179 1401 enim,
1230 1350 1305 1403 qui
1363 1349 1614 1404 fragmento
1663 1360 1799 1403 supra
1846 1348 2028 1390 laudato

467 1425 655 1465 testante
689 1423 972 1475 exposuerat,
1006 1421 1238 1474 quomodo
1289 1420 1537 1474 Eumolpus
1572 1431 1596 1461 a
1624 1422 1745 1474 patre
1776 1420 1817 1461 in
1847 1419 2029 1461 Aethio-

468 1494 587 1547 piam
635 1492 877 1534 translatus
927 1494 1060 1541 esset,
1109 1492 1274 1533 addere
1323 1491 1492 1541 debuit,
1543 1502 1676 1544 quam
1726 1490 1784 1532 ob
1834 1502 1924 1532 rem
1977 1502 2030 1532 ex

467 1563 705 1617 Aethiopia
740 1564 782 1604 in
817 1562 1055 1604 Thraciam
1090 1562 1345 1617 migraverit
1378 1564 1511 1615 atque
1545 1573 1570 1603 a
1603 1573 1693 1615 quo
1734 1561 1794 1602 ibi
1830 1560 2029 1614 hospitio

469 1637 683 1688 acceptus
716 1634 785 1676 sit.

528 1704 654 1746 Tunc
687 1704 995 1758 Apollodorus
1029 1704 1094 1745 sic
1130 1704 1301 1758 pergit:

533 1777 853 1826 Ἐπιβουλεὺων
900 1776 942 1814 δὲ
992 1778 1165 1829 ὕστερον
1216 1776 1398 1828 Τεγυρίῳ
1444 1779 1689 1827 καταφανὴς
1741 1779 1911 1826 γίνεται,
1959 1779 2029 1812 καὶ

467 1850 571 1900 πρὸς
624 1846 903 1892 Ἐλευσινίους
951 1848 1108 1897 φεύγει,
1155 1851 1227 1884 καὶ
1287 1847 1437 1897 φιλίαν
1484 1851 1663 1885 ποιεῖται
1715 1848 1818 1898 πρὸς
1866 1846 2030 1890 αὐτούς.

468 1917 604 1963 Αὖθις
647 1916 690 1955 δὲ
738 1916 941 1969 Ἰσμάρου
984 1917 1315 1966 τελευτήσαντος,
1359 1917 1680 1967 μεταπεμφθεὶς
1713 1918 1795 1954 ὑπὸ
1832 1916 2031 1967 Τεγυρίου

468 1991 760 2040 παραγίνεται,
794 1992 864 2026 καὶ
898 1990 970 2037 τὴν
998 1990 1079 2039 πρὸ
1108 1991 1179 2025 τοῦ
1205 1989 1351 2039 μάχην
1369 1986 1695 2037 διαλυσάμενος,
1715 1986 2033 2037 ῖὴνβασιλειάν

469 2058 705 2111 παρέλαβε.
739 2057 824 2096 Καὶ
861 2058 1055 2108 πολέμου
1089 2059 1307 2104 ε’νσῖάνῖος
1339 2061 1442 2110 πρὸς
1476 2058 1721 2109 Ἀθηναίους
1739 2062 1822 2104 τοῖς
1845 2056 2032 2095 Ἐλευσι-

469 2132 587 2177 νίοις,
647 2129 895 2180 ἐπικληθεὶς
951 2130 1033 2166 ὑπὸ
1094 2124 1378 2178 Ἐλευσινίων,
1435 2132 1539 2178 μετὰ
1588 2128 1754 2178 πολλῆς
1801 2129 2031 2179 συνεμάχει

472 2198 649 2252 Θρᾳκῶν
683 2198 914 2248 δυνάμεως.

530 2335 657 2387 Quae
701 2336 1007 2391 Apollodorus
1046 2338 1118 2379 hic
1152 2338 1277 2380 addit
1311 2338 1364 2379 de
1399 2337 1623 2392 Eumolpo
1658 2350 1757 2380 cum
1792 2338 2034 2381 Eleusiniis

472 2408 711 2449 amicitiam
741 2408 954 2463 jungente
984 2411 1025 2450 et
1053 2420 1152 2450 cum
1182 2408 1435 2451 Thracibus
1454 2410 1548 2451 suis
1567 2411 1720 2451 contra
1737 2408 2034 2451 Athenienses

472 2478 639 2520 auxilio
686 2479 740 2520 iis
784 2480 1006 2530 veniente,
1053 2480 1162 2521 haec
1206 2491 1390 2533 quoque
1424 2480 1559 2534 vulgo
1594 2479 1823 2533 Euripidis
1855 2479 2034 2522 fabulae

472 2548 799 2603 adjudicantur.
846 2547 891 2591 Si
937 2550 1045 2603 quid
1089 2550 1238 2600 video,
1283 2551 1379 2592 sine
1423 2549 1514 2591 ullo
1559 2550 1664 2591 iure.
1707 2549 2033 2604 Apollodorum

473 2619 590 2660 enim
632 2631 721 2660 non
766 2620 894 2673 ipsos
936 2619 1084 2662 fontes
1128 2621 1333 2674 poeticos
1377 2621 1617 2670 evolvisse,
1662 2620 1742 2662 sed
1784 2620 2032 2662 doctrinam

473 2700 599 2731 suam
635 2701 795 2744 magna
829 2702 882 2732 ex
916 2693 1038 2744 parte
1073 2702 1095 2732 e
1129 2691 1402 2744 compendio
1437 2691 1632 2744 quodam
1669 2691 1881 2733 historiae
1907 2691 2033 2733 fabu-

478 2807 530 2847 14
