2174 3374
732 961 1032 1014 CAPUT
1092 962 1151 1011 11.

574 1238 825 1295 Orithyia,
859 1239 1077 1286 Procris,
1112 1236 1315 1281 Creusa.

225 1370 437 1427 Singulas
487 1371 721 1413 Erechthei
771 1371 887 1412 filias
936 1368 1199 1422 Orithyiam,
1249 1367 1459 1418 Procrim,
1509 1366 1724 1410 Creusam

165 1443 271 1486 totis
329 1442 575 1497 tragoediis
635 1442 863 1483 materiam
923 1440 1188 1495 praebuisse
1248 1439 1487 1481 memoriae
1542 1438 1725 1492 quidem

165 1514 373 1557 traditum
419 1515 498 1564 est,
543 1513 623 1555 sed
665 1512 866 1562 frustula,
912 1523 1026 1565 quae
1072 1511 1226 1564 iniqua
1257 1509 1434 1551 fortuna
1468 1509 1601 1551 nobis
1634 1520 1728 1550 ser-

164 1585 298 1635 vavit,
342 1586 429 1627 tam
475 1585 580 1626 sunt
623 1594 757 1637 parca
802 1586 843 1624 et
886 1582 1043 1632 futilia,
1088 1583 1133 1623 ut
1173 1581 1245 1622 vix
1279 1580 1526 1622 dramatum
1560 1579 1727 1630 titulos,

166 1656 330 1698 nedum
365 1656 640 1710 argumenta,
675 1654 809 1696 nobis
843 1653 1053 1695 revelent.

225 1725 454 1780 Orithyiae
511 1724 787 1779 Aeschyleae
847 1724 1049 1778 quinque
1109 1724 1284 1765 exstant
1342 1732 1512 1771 versus,
1542 1721 1575 1772 ¹)
1624 1733 1727 1763 num

166 1795 420 1851 Sophocles
453 1795 701 1850 Orithyiam
738 1795 982 1849 scripserit,
1017 1806 1071 1836 ne
1106 1795 1281 1835 constat
1315 1793 1512 1846 quidem.
1534 1793 1566 1843 ²)

225 1866 451 1910 Procridis
493 1866 596 1909 fatis
634 1867 786 1908 drama
820 1865 1106 1913 dedicavisse
1142 1862 1414 1917 Sophoclem
1450 1863 1672 1912 novimus,
1707 1873 1730 1903 e

166 1950 256 1993 quo
300 1940 447 1981 tamen
492 1937 673 1980 nonnisi
718 1937 798 1978 tria
841 1936 977 1994 verba
1020 1935 1075 1977 ad
1110 1946 1195 1977 nos
1229 1935 1538 1988 pervenerunt.
1573 1932 1730 1986 Neque

166 2009 347 2052 aliunde
396 2009 533 2052 multa
594 2009 668 2050 lux
717 2007 860 2049 afferri
912 2008 1075 2061 potest,
1127 2017 1242 2059 quae
1293 2005 1460 2047 densas
1508 2003 1729 2054 tenebras,

167 2080 334 2135 quibus
363 2081 495 2122 huius
523 2080 738 2122 dramatis
756 2080 1066 2133 argumentum
1087 2076 1335 2118 involutum
1357 2076 1484 2125 iacet,
1503 2075 1728 2117 discutiat.

227 2151 397 2194 Fabula
430 2152 485 2193 de
520 2148 726 2204 Cephalo
762 2152 804 2191 et
840 2148 1052 2191 Procride
1086 2160 1140 2190 ex
1168 2148 1303 2189 tantis
1332 2148 1512 2200 tamque
1541 2145 1732 2187 diversis

168 2222 372 2276 partibus
406 2223 596 2273 constat,
632 2231 747 2274 quae
783 2220 841 2262 ita
875 2219 1144 2261 coniunctae
1178 2219 1313 2271 atque
1349 2217 1460 2259 inter
1493 2227 1540 2258 se
1568 2216 1732 2257 mixtae

168 2294 285 2344 sunt,
320 2294 366 2334 ut
400 2293 473 2334 vix
507 2291 712 2346 singulas
742 2293 891 2344 partes
921 2290 1174 2331 discernere
1206 2288 1450 2342 possimus.
1471 2286 1567 2328 Hoc
1587 2288 1732 2328 tamen

168 2363 483 2415 Wilamowitz‚
518 2362 790 2412 Wellmann,
824 2360 1036 2415 Toepiler
1073 2360 1116 2401 in
1152 2358 1540 2413 disputationibus
1573 2357 1668 2400 suis
1691 2357 1733 2410 3)

213 2503 244 2542 l)
267 2502 389 2535 Nauck
412 2510 444 2541 p.
466 2501 517 2533 89.
1017 2496 1051 2506 “

209 2556 244 2596 2)
268 2555 390 2587 Nauck
413 2563 444 2595 p.
467 2554 537 2586 297.

209 2609 242 2648 3)
266 2608 424 2646 Quorum
456 2608 661 2647 argumenta
692 2613 771 2638 cum
804 2612 993 2644 recoquere
1024 2612 1079 2636 me
1107 2604 1245 2636 taedeat
1276 2610 1390 2642 neque
1420 2602 1515 2642 quod
1541 2603 1583 2634 iis
1608 2602 1735 2634 addam

170 2662 331 2700 habeam,
364 2660 431 2693 vid.
466 2661 603 2692 Wilam.
638 2660 783 2691 Hermes
817 2658 913 2690 XVlll
948 2658 1025 2696 424;
1069 2657 1278 2693 Wellmann,
1312 2657 1355 2688 de
1390 2656 1475 2688 lstro
1509 2655 1644 2689 Callim.
1677 2655 1736 2694 69;

169 2714 306 2755 Toeprr.
329 2714 368 2746 A.
392 2714 433 2748 G.
455 2713 515 2745 257
539 2721 616 2753 sqq.

1676 2811 1733 2854 39
