2174 3374
141 495 212 539 τὰς
254 489 494 545 Ἐρεχθέως
535 491 772 543 θυγατέρας
815 493 943 537 οὕτως
984 490 1132 540 ἔλεγον
1178 493 1249 528 καὶ
1282 490 1445 539 ἐτίμων.
1482 488 1627 528 Ἠσαν
1660 489 1702 527 δὲ

140 563 331 616 ἀριθμὸν
362 563 416 610 ἕξ.
451 561 728 614 Πρεσβυτάτη
760 563 839 612 μὲν
870 561 1179 614 Πρωτογένεια·
1211 559 1381 612 δευτέρα
1410 558 1453 597 δὲ
1471 558 1701 612 Πανδώρα

141 636 251 687 τρίτη
283 632 481 686 Πρόκρις·
527 633 692 683 τετάρτη
725 631 938 684 Κρέουσα·
983 633 1148 682 πέμπτη
1183 628 1418 683 Ὠρείθυια·
1455 631 1545 681 ἕκτη
1580 629 1705 668 Χθο-

142 707 226 744 νία.
274 703 440 743 Τούτων
481 703 646 754 λέγεται
685 701 982 755 Πρωτογένεια
1014 706 1085 740 καὶ
1118 700 1337 753 Πανδώρα
1371 699 1521 739 δοῦναι
1555 702 1705 746 ἑαυτὰς

143 780 358 828 σφαγῆναι
408 776 511 827 ὑπὲρ
559 778 626 824 τῆς
673 775 828 826 χώρας,
887 777 1082 825 στρατιᾶς
1130 772 1344 822 ἐλθούσης
1393 772 1436 809 ἐκ
1484 770 1701 817 Βοιωτίας.

147 844 537 898 Ἐσφαγιάσθνησαν
569 843 613 881 δὲ
645 845 690 882 ἐν
722 847 774 894 τῷ
810 842 1027 894 <Ιάκίνθῳ
1059 843 1311 893 καλουμένῳ
1344 843 1465 892 πάγῳ
1494 843 1599 893 ὑπὲρ
1627 845 1706 880 τῶν

144 915 443 969 Σφενδαλέων.
467 911 497 964 1)
547 914 618 953 Διὸ
650 918 721 952 καὶ
755 916 882 960 οὕτως
913 914 1146 952 καλοῦνται
1174 913 1386 965 παρθένοι
1427 911 1704 958 Ἷ’(ικινθίδες,

145 988 345 1039 καθάπερ
374 989 578 1038 μαρτυρεῖ
610 983 862 1035 Φανόδημος
894 985 939 1022 ἐν
972 988 1017 1035 τῇ
1050 985 1215 1036 πέμπτῃ
1250 981 1421 1030 Ἀτθίδι,
1441 983 1708 1032 μεμνημένος

146 1063 213 1110 τῆς
245 1061 363 1108 τιμῆς
395 1058 544 1095 αὐτῶν·
578 1059 650 1094 καὶ
684 1055 892 1107 Φρύνιχος
925 1053 1207 1106 ῙὶῙονοτρόπῳ.
1231 1048 1263 1102 2)

205 1125 362 1169 Multis
408 1124 611 1180 partibus
660 1124 770 1165 haec
819 1123 876 1165 ab
925 1124 1188 1177 argumento
1244 1121 1471 1176 Euripidis
1529 1120 1708 1162 fabulae

149 1197 386 1240 abhorrere
433 1196 580 1238 statim
629 1196 829 1249 apparet.
879 1193 1159 1245 Quaeramus
1203 1205 1257 1235 an
1303 1204 1434 1234 unam
1471 1192 1709 1233 alteramve

150 1279 332 1311 causam
365 1267 573 1322 detegere
607 1266 852 1321 possimus,
888 1275 1005 1318 quae
1039 1263 1442 1318 Atthidographum
1475 1262 1709 1312 induxerit,

149 1341 196 1382 ut
226 1350 252 1382 a
283 1338 401 1381 fama
433 1337 660 1380 communi
696 1335 936 1379 recederet.

209 1409 309 1451 Non
357 1411 461 1459 tres,
509 1407 590 1450 sed
638 1418 717 1450 sex
764 1406 882 1448 filiae
922 1405 1156 1447 Erechthei
1204 1416 1228 1445 a
1262 1403 1553 1446 Phanodemo
1588 1414 1711 1444 com-

151 1481 452 1523 memorantur
485 1478 652 1521 additis
686 1477 960 1519 nominibus.
996 1475 1122 1527 Quae
1157 1475 1461 1529 discrepantia
1494 1474 1604 1515 mira
1622 1485 1710 1515 non

152 1553 231 1594 est.
275 1550 516 1605 Euripides
559 1549 678 1592 enim
723 1549 766 1590 in
810 1548 1058 1590 Erechtheo
1103 1557 1186 1588 sua
1225 1557 1313 1587 non
1349 1544 1555 1596 habebat,
1590 1544 1711 1598 quod

153 1623 326 1678 praeter
356 1623 445 1663 tres
478 1620 592 1669 ilias,
628 1631 743 1674 quae
777 1631 858 1674 pro
894 1619 1035 1674 patria
1062 1629 1109 1660 se
1130 1616 1509 1666 sacrificaverunt,
1529 1616 1712 1657 aliarum

154 1693 425 1736 mentionem
469 1691 656 1742 faceret;
705 1691 842 1732 immo
885 1689 1091 1744 Hyadum
1136 1699 1348 1730 numerus
1392 1699 1490 1730 eum
1526 1686 1716 1741 cogebat

154 1763 520 1807 Erechthidarum
554 1773 786 1804 numerum
815 1761 871 1803 ad
900 1763 988 1803 tres
1017 1760 1233 1815 redigere,
1258 1759 1342 1800 nisi
1361 1758 1527 1813 tingere
1545 1757 1715 1799 voluis—

155 1837 223 1879 set
279 1836 448 1889 partem
509 1844 713 1876 sororum
773 1843 822 1874 se
872 1830 1164 1881 interfecisse,
1214 1832 1382 1884 partem
1431 1828 1714 1882 superstitem

155 1905 319 1957 fuisse3
354 1904 477 1960 quod
513 1905 633 1946 esset
666 1903 926 1946 absurdum.
960 1902 1060 1956 lpse
1095 1904 1240 1943 autem
1277 1901 1319 1942 in
1356 1898 1514 1950 „Ione”
1543 1897 1717 1952 (quarta

157 1976 274 2018 enim
310 1968 445 2018 ibiei
481 1985 599 2030 opus
635 1973 744 2025 erat)
779 1985 912 2016 unam
947 1973 1135 2022 addidit,
1175 1971 1248 2013 alii
1283 1971 1395 2012 alias
1444 1980 1717 2012 commemo-

158 2049 277 2098 rant3
312 2046 514 2101 undique
545 2056 623 2088 eas
656 2044 935 2099 conquisivit
968 2042 1368 2098 Atthidographus.

219 2117 349 2160 Haud
394 2117 453 2160 ita
494 2116 626 2159 facile
669 2115 954 2170 intellegitur,
994 2126 1070 2157 cur
1103 2113 1223 2167 apud
1256 2111 1594 2154 Phanodemum
1629 2121 1718 2151 non

159 2191 261 2239 tres,
288 2189 387 2251 ‚sed
431 2188 546 2230 duae
589 2189 758 2230 tantum
805 2198 859 2229 ex
902 2186 971 2236 iis,
1007 2184 1277 2239 Protogenia
1310 2185 1352 2224 et
1384 2181 1603 2233 Pandora,
1638 2192 1718 2234 pro

205 2387 235 2426 l)
268 2387 326 2420 Sic
359 2387 453 2419 enim
487 2394 566 2418 cum
600 2385 765 2417 Valcken.
799 2386 830 2416 et
865 2383 1058 2415 Heinsterh.
1089 2382 1276 2421 legendum
1301 2383 1353 2412 est
1376 2388 1438 2419 pro
1462 2378 1721 2424 Σφενὸονέων.

161 2441 250 2473 Nam
273 2441 490 2487 Σφενδόναι
529 2441 638 2482 τόπος
675 2438 891 2483 Ἀθήνῃσιν
916 2439 966 2476 (ut
996 2435 1147 2474 legimus
1183 2435 1216 2465 in
1251 2433 1355 2465 Bekk.
1390 2432 1519 2464 Anecd.
1554 2431 1623 2467 202,
1657 2431 1721 2470 22),

162 2502 267 2534 supra
307 2501 412 2533 quem
452 2493 548 2524 nullo
586 2492 694 2524 modo
737 2491 952 2531 Hyacinthus
994 2489 1095 2521 collis
1135 2488 1224 2520 situs
1265 2495 1344 2518 esse
1387 2486 1454 2518 dici
1497 2487 1619 2524 potest.
1654 2484 1720 2516 Ubi

162 2547 371 2595 Σφενδάλη
397 2547 507 2584 fuerit,
530 2545 634 2577 docet
657 2545 858 2584 Stephanus
882 2543 983 2582 Byz.:
1007 2541 1214 2588 Σφενδάλη
1250 2541 1367 2586 δῆμος
1401 2538 1723 2580 Ἵπποθοωντίδος

163 2600 291 2647 φυλῆς
324 2601 355 2632 et
389 2601 566 2640 praeterea
599 2599 730 2638 optime
765 2597 1017 2638 cognoscimus
1051 2603 1092 2627 ex
1128 2593 1305 2626 Herodoto
1340 2591 1483 2631 (ΙΧ15),
1517 2591 1575 2629 qui
1611 2591 1725 2621 narrat

164 2653 387 2685 Mardonium
412 2651 563 2684 Decelea
587 2651 832 2691 Sphendaleas
856 2651 886 2681 et
911 2649 991 2680 inde
1015 2648 1213 2686 Tanagram
1237 2645 1476 2677 contendisse.

206 2705 240 2746 2)
263 2705 315 2738 De
338 2704 524 2745 Phrynichi
548 2704 763 2742 Monotropo
787 2702 828 2734 cf.
852 2710 883 2741 p.
907 2702 956 2737 34,
982 2701 1059 2732 adn.
1086 2699 1105 2731 Ι.

1669 2798 1724 2839 23
