<?xml version="1.0" encoding="UTF-8"?>
<!DOCTYPE html PUBLIC "-//W3C//DTD XHTML 1.0 Transitional//EN"
    "http://www.w3.org/TR/xhtml1/DTD/xhtml1-transitional.dtd">
<html xmlns="http://www.w3.org/1999/xhtml" xml:lang="en" lang="en">
 <head>
  <title>
</title>
<meta http-equiv="Content-Type" content="text/html;charset=utf-8" />
  <meta name='ocr-system' content='tesseract 3.04.00' />
  <meta name='ocr-capabilities' content='ocr_page ocr_carea ocr_par ocr_line ocrx_word'/>
</head>
<body>
  <div class='ocr_page' id='page_1' title='image "./erechtheusetthes00schwuoft_0069.png"; bbox 0 0 2174 3374; ppageno 0'>
   <div class='ocr_carea' id='block_1_1' title="bbox 175 501 1743 2399">
    <p class='ocr_par' dir='ltr' id='par_1_1' title="bbox 177 501 1738 765">
     <span class='ocr_line' id='line_1_1' title="bbox 179 501 1737 557; baseline 0.001 -13"><span class='ocrx_word' id='word_1_1' title='bbox 179 501 378 556; x_wconf 84' lang='lat' dir='ltr'>gladium</span> <span class='ocrx_word' id='word_1_2' title='bbox 437 504 478 543; x_wconf 90' lang='lat' dir='ltr'>et</span> <span class='ocrx_word' id='word_1_3' title='bbox 535 501 715 545; x_wconf 91' lang='lat' dir='ltr'>calceos</span> <span class='ocrx_word' id='word_1_4' title='bbox 773 506 998 557; x_wconf 80' lang='lat' dir='ltr'>tamquam</span> <span class='ocrx_word' id='word_1_5' title='bbox 1057 507 1328 557; x_wconf 74' lang='grc' dir='ltr'><em>γνωρίσματα</em></span> <span class='ocrx_word' id='word_1_6' title='bbox 1388 514 1737 545; x_wconf 88' lang='lat' dir='ltr'>commemorare</span> 
     </span>
     <span class='ocr_line' id='line_1_2' title="bbox 178 571 1738 628; baseline 0.001 -16"><span class='ocrx_word' id='word_1_7' title='bbox 178 571 392 625; x_wconf 68' lang='grc' dir='ltr'><strong><em>(ἐπιγνοὺς</em></strong></span> <span class='ocrx_word' id='word_1_8' title='bbox 425 576 468 613; x_wconf 82' lang='grc' dir='ltr'>τό</span> <span class='ocrx_word' id='word_1_9' title='bbox 501 589 539 613; x_wconf 81' lang='grc' dir='ltr'>τε</span> <span class='ocrx_word' id='word_1_10' title='bbox 572 576 690 626; x_wconf 67' lang='grc' dir='ltr'><em>ξίφος</em></span> <span class='ocrx_word' id='word_1_11' title='bbox 722 580 791 614; x_wconf 76' lang='grc' dir='ltr'>καὶ</span> <span class='ocrx_word' id='word_1_12' title='bbox 827 579 874 614; x_wconf 76' lang='grc' dir='ltr'><em>ῑά</em></span> <span class='ocrx_word' id='word_1_13' title='bbox 910 574 1170 626; x_wconf 72' lang='grc' dir='ltr'>ὑποδήματα·</span> <span class='ocrx_word' id='word_1_14' title='bbox 1207 580 1334 614; x_wconf 72' lang='grc' dir='ltr'>ταῦτα</span> <span class='ocrx_word' id='word_1_15' title='bbox 1361 578 1440 628; x_wconf 75' lang='grc' dir='ltr'>γὰρ</span> <span class='ocrx_word' id='word_1_16' title='bbox 1467 577 1511 614; x_wconf 82' lang='grc' dir='ltr'>ἑν</span> <span class='ocrx_word' id='word_1_17' title='bbox 1542 575 1738 627; x_wconf 71' lang='grc' dir='ltr'>Τροιζῆνι</span> 
     </span>
     <span class='ocr_line' id='line_1_3' title="bbox 177 643 1736 700; baseline 0.003 -17"><span class='ocrx_word' id='word_1_18' title='bbox 177 647 448 699; x_wconf 70' lang='grc' dir='ltr'><em>γνωρίσματα</em></span> <span class='ocrx_word' id='word_1_19' title='bbox 479 644 750 696; x_wconf 63' lang='grc' dir='ltr'>κατέλιπεν),</span> <span class='ocrx_word' id='word_1_20' title='bbox 795 643 1080 687; x_wconf 90' lang='lat' dir='ltr'>Plutarchum</span> <span class='ocrx_word' id='word_1_21' title='bbox 1114 647 1259 687; x_wconf 90' lang='lat' dir='ltr'>autem</span> <span class='ocrx_word' id='word_1_22' title='bbox 1295 645 1430 700; x_wconf 82' lang='lat' dir='ltr'>gladii</span> <span class='ocrx_word' id='word_1_23' title='bbox 1467 645 1736 687; x_wconf 80' lang='lat' dir='ltr'>mentionem</span> 
     </span>
     <span class='ocr_line' id='line_1_4' title="bbox 177 713 797 765; baseline 0.003 -9"><span class='ocrx_word' id='word_1_24' title='bbox 177 713 336 765; x_wconf 81' lang='lat' dir='ltr'>facere,</span> <span class='ocrx_word' id='word_1_25' title='bbox 371 714 549 757; x_wconf 90' lang='lat' dir='ltr'>calceos</span> <span class='ocrx_word' id='word_1_26' title='bbox 583 715 797 758; x_wconf 87' lang='lat' dir='ltr'>omittere.</span> 
     </span>
    </p>

    <p class='ocr_par' dir='ltr' id='par_1_2' title="bbox 175 784 1740 1407">
     <span class='ocr_line' id='line_1_5' title="bbox 237 784 1738 841; baseline 0 -14"><span class='ocrx_word' id='word_1_27' title='bbox 237 784 362 836; x_wconf 84' lang='lat' dir='ltr'>Quae</span> <span class='ocrx_word' id='word_1_28' title='bbox 406 796 475 827; x_wconf 90' lang='lat' dir='ltr'>res</span> <span class='ocrx_word' id='word_1_29' title='bbox 518 787 664 827; x_wconf 91' lang='lat' dir='ltr'>tamen</span> <span class='ocrx_word' id='word_1_30' title='bbox 710 797 797 827; x_wconf 86' lang='lat' dir='ltr'>non</span> <span class='ocrx_word' id='word_1_31' title='bbox 842 786 1069 841; x_wconf 83' lang='lat' dir='ltr'>urguenda</span> <span class='ocrx_word' id='word_1_32' title='bbox 1104 787 1278 829; x_wconf 89' lang='lat' dir='ltr'>videtur</span> <span class='ocrx_word' id='word_1_33' title='bbox 1312 797 1458 840; x_wconf 89' lang='lat' dir='ltr'>neque</span> <span class='ocrx_word' id='word_1_34' title='bbox 1494 786 1595 828; x_wconf 88' lang='lat' dir='ltr'>hinc</span> <span class='ocrx_word' id='word_1_35' title='bbox 1630 797 1738 828; x_wconf 91' lang='lat' dir='ltr'>con-</span> 
     </span>
     <span class='ocr_line' id='line_1_6' title="bbox 178 855 1737 910; baseline 0 -12"><span class='ocrx_word' id='word_1_36' title='bbox 178 855 450 898; x_wconf 89' lang='lat' dir='ltr'>cludendum</span> <span class='ocrx_word' id='word_1_37' title='bbox 511 856 554 897; x_wconf 90' lang='lat' dir='ltr'>in</span> <span class='ocrx_word' id='word_1_38' title='bbox 613 855 834 898; x_wconf 88' lang='lat' dir='ltr'>Plutarchi</span> <span class='ocrx_word' id='word_1_39' title='bbox 894 856 1015 898; x_wconf 79' lang='lat' dir='ltr'>fonte</span> <span class='ocrx_word' id='word_1_40' title='bbox 1065 857 1244 899; x_wconf 88' lang='lat' dir='ltr'>calceos</span> <span class='ocrx_word' id='word_1_41' title='bbox 1294 868 1476 910; x_wconf 90' lang='lat' dir='ltr'>quoque</span> <span class='ocrx_word' id='word_1_42' title='bbox 1525 855 1737 898; x_wconf 83' lang='lat' dir='ltr'>defuisse.</span> 
     </span>
     <span class='ocr_line' id='line_1_7' title="bbox 177 925 1738 982; baseline -0.002 -13"><span class='ocrx_word' id='word_1_43' title='bbox 177 925 311 978; x_wconf 90' lang='lat' dir='ltr'>Quod</span> <span class='ocrx_word' id='word_1_44' title='bbox 345 926 519 980; x_wconf 89' lang='lat' dir='ltr'>liquido</span> <span class='ocrx_word' id='word_1_45' title='bbox 554 928 740 981; x_wconf 88' lang='lat' dir='ltr'>apparet</span> <span class='ocrx_word' id='word_1_46' title='bbox 773 938 795 969; x_wconf 96' lang='lat' dir='ltr'>e</span> <span class='ocrx_word' id='word_1_47' title='bbox 829 938 928 980; x_wconf 85' lang='lat' dir='ltr'>cap.</span> <span class='ocrx_word' id='word_1_48' title='bbox 963 927 1003 977; x_wconf 83' lang='lat'>3,</span> <span class='ocrx_word' id='word_1_49' title='bbox 1040 926 1113 968; x_wconf 88' lang='lat' dir='ltr'>ubi</span> <span class='ocrx_word' id='word_1_50' title='bbox 1149 926 1327 982; x_wconf 82' lang='lat' dir='ltr'>Aegeus</span> <span class='ocrx_word' id='word_1_51' title='bbox 1360 931 1478 979; x_wconf 74' lang='grc' dir='ltr'><strong><em>ξίφος</em></strong></span> <span class='ocrx_word' id='word_1_52' title='bbox 1495 927 1738 966; x_wconf 70' lang='grc' dir='ltr'><em>καὶπέδιλα</em></span> 
     </span>
     <span class='ocr_line' id='line_1_8' title="bbox 176 996 1737 1051; baseline -0.001 -11"><span class='ocrx_word' id='word_1_53' title='bbox 176 997 261 1040; x_wconf 90' lang='lat' dir='ltr'>sub</span> <span class='ocrx_word' id='word_1_54' title='bbox 295 1008 404 1039; x_wconf 87' lang='lat' dir='ltr'>saxo</span> <span class='ocrx_word' id='word_1_55' title='bbox 439 997 592 1039; x_wconf 89' lang='lat' dir='ltr'>abdita</span> <span class='ocrx_word' id='word_1_56' title='bbox 623 996 853 1039; x_wconf 86' lang='lat' dir='ltr'>Troezene</span> <span class='ocrx_word' id='word_1_57' title='bbox 875 997 1112 1051; x_wconf 76' lang='lat' dir='ltr'>reliquisse</span> <span class='ocrx_word' id='word_1_58' title='bbox 1133 997 1307 1048; x_wconf 88' lang='lat' dir='ltr'>dicitur,</span> <span class='ocrx_word' id='word_1_59' title='bbox 1328 1009 1409 1039; x_wconf 91' lang='lat' dir='ltr'>nec</span> <span class='ocrx_word' id='word_1_60' title='bbox 1430 1009 1517 1039; x_wconf 92' lang='lat' dir='ltr'>non</span> <span class='ocrx_word' id='word_1_61' title='bbox 1539 1008 1561 1039; x_wconf 90' lang='lat' dir='ltr'>e</span> <span class='ocrx_word' id='word_1_62' title='bbox 1581 1008 1678 1051; x_wconf 91' lang='lat' dir='ltr'>cap.</span> <span class='ocrx_word' id='word_1_63' title='bbox 1697 997 1737 1047; x_wconf 77' lang='lat'>4,</span> 
     </span>
     <span class='ocr_line' id='line_1_9' title="bbox 177 1066 1739 1119; baseline 0 -9"><span class='ocrx_word' id='word_1_64' title='bbox 177 1068 252 1111; x_wconf 93' lang='lat' dir='ltr'>ubi</span> <span class='ocrx_word' id='word_1_65' title='bbox 288 1066 551 1110; x_wconf 80' lang='lat' dir='ltr'>Plutarchus</span> <span class='ocrx_word' id='word_1_66' title='bbox 585 1070 743 1119; x_wconf 89' lang='lat' dir='ltr'>narrat,</span> <span class='ocrx_word' id='word_1_67' title='bbox 787 1068 926 1110; x_wconf 78' lang='lat' dir='ltr'>tilium</span> <span class='ocrx_word' id='word_1_68' title='bbox 962 1068 1017 1110; x_wconf 88' lang='lat' dir='ltr'>ab</span> <span class='ocrx_word' id='word_1_69' title='bbox 1051 1067 1212 1110; x_wconf 82' lang='lat' dir='ltr'>Aethra</span> <span class='ocrx_word' id='word_1_70' title='bbox 1247 1069 1414 1111; x_wconf 89' lang='lat' dir='ltr'>editum</span> <span class='ocrx_word' id='word_1_71' title='bbox 1451 1080 1474 1110; x_wconf 90' lang='lat' dir='ltr'>a</span> <span class='ocrx_word' id='word_1_72' title='bbox 1510 1067 1739 1110; x_wconf 89' lang='lat' dir='ltr'>nonnullis</span> 
     </span>
     <span class='ocr_line' id='line_1_10' title="bbox 176 1138 1739 1195; baseline -0.002 -13"><span class='ocrx_word' id='word_1_73' title='bbox 176 1139 324 1182; x_wconf 70' lang='lat' dir='ltr'>Statim</span> <span class='ocrx_word' id='word_1_74' title='bbox 358 1138 585 1182; x_wconf 76' lang='lat' dir='ltr'>TheSeum</span> <span class='ocrx_word' id='word_1_75' title='bbox 619 1141 825 1182; x_wconf 75' lang='lat' dir='ltr'>vocatum</span> <span class='ocrx_word' id='word_1_76' title='bbox 861 1151 962 1182; x_wconf 73' lang='lat' dir='ltr'>eSSC</span> <span class='ocrx_word' id='word_1_77' title='bbox 996 1140 1066 1180; x_wconf 74' lang='grc' dir='ltr'>διὰ</span> <span class='ocrx_word' id='word_1_78' title='bbox 1100 1145 1171 1191; x_wconf 59' lang='grc' dir='ltr'>τὴν</span> <span class='ocrx_word' id='word_1_79' title='bbox 1210 1145 1309 1181; x_wconf 70' lang='grc' dir='ltr'>τῶν</span> <span class='ocrx_word' id='word_1_80' title='bbox 1342 1143 1739 1195; x_wconf 70' lang='grc' dir='ltr'><em>γνωρισμάτων</em></span> 
     </span>
     <span class='ocr_line' id='line_1_11' title="bbox 175 1207 1740 1265; baseline 0.001 -15"><span class='ocrx_word' id='word_1_81' title='bbox 175 1212 312 1251; x_wconf 76' lang='grc' dir='ltr'><strong><em>θέσιν.</em></strong></span> <span class='ocrx_word' id='word_1_82' title='bbox 350 1207 531 1264; x_wconf 89' lang='lat' dir='ltr'>Optime</span> <span class='ocrx_word' id='word_1_83' title='bbox 561 1210 693 1265; x_wconf 88' lang='lat' dir='ltr'>igitur</span> <span class='ocrx_word' id='word_1_84' title='bbox 722 1212 763 1252; x_wconf 95' lang='lat' dir='ltr'>et</span> <span class='ocrx_word' id='word_1_85' title='bbox 791 1210 971 1253; x_wconf 90' lang='lat' dir='ltr'>calceos</span> <span class='ocrx_word' id='word_1_86' title='bbox 1000 1212 1227 1264; x_wconf 87' lang='lat' dir='ltr'>tamquam</span> <span class='ocrx_word' id='word_1_87' title='bbox 1257 1215 1528 1265; x_wconf 70' lang='grc' dir='ltr'>γνωρίσ,ιιαῑα</span> <span class='ocrx_word' id='word_1_88' title='bbox 1558 1212 1740 1252; x_wconf 89' lang='lat' dir='ltr'>noverat</span> 
     </span>
     <span class='ocr_line' id='line_1_12' title="bbox 176 1279 1739 1336; baseline 0 -13"><span class='ocrx_word' id='word_1_89' title='bbox 176 1279 455 1331; x_wconf 83' lang='lat' dir='ltr'>Plutarchus,</span> <span class='ocrx_word' id='word_1_90' title='bbox 505 1281 585 1323; x_wconf 92' lang='lat' dir='ltr'>sed</span> <span class='ocrx_word' id='word_1_91' title='bbox 636 1283 789 1323; x_wconf 93' lang='lat' dir='ltr'>nostro</span> <span class='ocrx_word' id='word_1_92' title='bbox 839 1281 940 1323; x_wconf 91' lang='lat' dir='ltr'>loco</span> <span class='ocrx_word' id='word_1_93' title='bbox 991 1281 1126 1335; x_wconf 93' lang='lat' dir='ltr'>paulo</span> <span class='ocrx_word' id='word_1_94' title='bbox 1177 1281 1488 1336; x_wconf 85' lang='lat' dir='ltr'>neglegentius</span> <span class='ocrx_word' id='word_1_95' title='bbox 1536 1281 1590 1324; x_wconf 91' lang='lat' dir='ltr'>de</span> <span class='ocrx_word' id='word_1_96' title='bbox 1639 1281 1739 1323; x_wconf 92' lang='lat' dir='ltr'>solo</span> 
     </span>
     <span class='ocr_line' id='line_1_13' title="bbox 176 1351 1190 1407; baseline 0 -14"><span class='ocrx_word' id='word_1_97' title='bbox 176 1351 328 1406; x_wconf 88' lang='lat' dir='ltr'>gladio</span> <span class='ocrx_word' id='word_1_98' title='bbox 363 1375 417 1379; x_wconf 77' lang='lat'>-—</span> <span class='ocrx_word' id='word_1_99' title='bbox 453 1352 616 1406; x_wconf 85' lang='lat' dir='ltr'>insigni</span> <span class='ocrx_word' id='word_1_100' title='bbox 653 1352 855 1407; x_wconf 86' lang='lat' dir='ltr'>graviore</span> <span class='ocrx_word' id='word_1_101' title='bbox 890 1376 944 1379; x_wconf 82' lang='lat'>—</span> <span class='ocrx_word' id='word_1_102' title='bbox 979 1352 1190 1406; x_wconf 85' lang='lat' dir='ltr'>loquitur.</span> 
     </span>
    </p>

    <p class='ocr_par' dir='ltr' id='par_1_3' title="bbox 177 1421 1743 2399">
     <span class='ocr_line' id='line_1_14' title="bbox 235 1421 1739 1478; baseline -0.001 -14"><span class='ocrx_word' id='word_1_103' title='bbox 235 1422 383 1464; x_wconf 89' lang='lat' dir='ltr'>Nimia</span> <span class='ocrx_word' id='word_1_104' title='bbox 416 1422 661 1465; x_wconf 83' lang='lat' dir='ltr'>subtilitate</span> <span class='ocrx_word' id='word_1_105' title='bbox 696 1423 778 1465; x_wconf 92' lang='lat' dir='ltr'>hac</span> <span class='ocrx_word' id='word_1_106' title='bbox 813 1423 855 1464; x_wconf 90' lang='lat' dir='ltr'>in</span> <span class='ocrx_word' id='word_1_107' title='bbox 892 1435 934 1465; x_wconf 91' lang='lat' dir='ltr'>re</span> <span class='ocrx_word' id='word_1_108' title='bbox 970 1423 1118 1478; x_wconf 86' lang='lat' dir='ltr'>egisse</span> <span class='ocrx_word' id='word_1_109' title='bbox 1152 1423 1328 1465; x_wconf 89' lang='lat' dir='ltr'>videtur</span> <span class='ocrx_word' id='word_1_110' title='bbox 1361 1435 1399 1465; x_wconf 90' lang='lat' dir='ltr'>v.</span> <span class='ocrx_word' id='word_1_111' title='bbox 1435 1423 1476 1464; x_wconf 90' lang='lat' dir='ltr'>d.</span> <span class='ocrx_word' id='word_1_112' title='bbox 1510 1422 1675 1476; x_wconf 86' lang='lat' dir='ltr'>Mayer,</span> <span class='ocrx_word' id='word_1_113' title='bbox 1701 1421 1739 1473; x_wconf 88' lang='lat'>¹)</span> 
     </span>
     <span class='ocr_line' id='line_1_15' title="bbox 177 1492 1739 1548; baseline 0.001 -13"><span class='ocrx_word' id='word_1_114' title='bbox 177 1493 280 1536; x_wconf 91' lang='lat' dir='ltr'>ideo</span> <span class='ocrx_word' id='word_1_115' title='bbox 328 1492 587 1548; x_wconf 84' lang='lat' dir='ltr'>Euripidem</span> <span class='ocrx_word' id='word_1_116' title='bbox 637 1493 804 1536; x_wconf 89' lang='lat' dir='ltr'>calceis</span> <span class='ocrx_word' id='word_1_117' title='bbox 852 1493 908 1535; x_wconf 91' lang='lat' dir='ltr'>ad</span> <span class='ocrx_word' id='word_1_118' title='bbox 954 1497 1282 1548; x_wconf 59' lang='lat' dir='ltr'>dvayzvfflpcofflv</span> <span class='ocrx_word' id='word_1_119' title='bbox 1316 1494 1375 1536; x_wconf 91' lang='lat' dir='ltr'>uti</span> <span class='ocrx_word' id='word_1_120' title='bbox 1412 1505 1501 1535; x_wconf 90' lang='lat' dir='ltr'>non</span> <span class='ocrx_word' id='word_1_121' title='bbox 1537 1494 1739 1548; x_wconf 87' lang='lat' dir='ltr'>potuisse</span> 
     </span>
     <span class='ocr_line' id='line_1_16' title="bbox 177 1564 1738 1618; baseline 0 -12"><span class='ocrx_word' id='word_1_122' title='bbox 177 1564 470 1615; x_wconf 89' lang='lat' dir='ltr'>contendens,</span> <span class='ocrx_word' id='word_1_123' title='bbox 516 1564 622 1618; x_wconf 88' lang='lat' dir='ltr'>quia</span> <span class='ocrx_word' id='word_1_124' title='bbox 666 1576 754 1606; x_wconf 90' lang='lat' dir='ltr'>non</span> <span class='ocrx_word' id='word_1_125' title='bbox 799 1566 890 1606; x_wconf 90' lang='lat' dir='ltr'>tum</span> <span class='ocrx_word' id='word_1_126' title='bbox 936 1564 1131 1615; x_wconf 88' lang='lat' dir='ltr'>demum,</span> <span class='ocrx_word' id='word_1_127' title='bbox 1177 1576 1277 1606; x_wconf 91' lang='lat' dir='ltr'>cum</span> <span class='ocrx_word' id='word_1_128' title='bbox 1329 1564 1539 1618; x_wconf 92' lang='lat' dir='ltr'>poculum</span> <span class='ocrx_word' id='word_1_129' title='bbox 1590 1564 1738 1606; x_wconf 87' lang='lat' dir='ltr'>iuveni</span> 
     </span>
     <span class='ocr_line' id='line_1_17' title="bbox 177 1634 1740 1689; baseline -0.001 -12"><span class='ocrx_word' id='word_1_130' title='bbox 177 1635 367 1686; x_wconf 91' lang='lat' dir='ltr'>daretur,</span> <span class='ocrx_word' id='word_1_131' title='bbox 402 1634 541 1677; x_wconf 91' lang='lat' dir='ltr'>calcei</span> <span class='ocrx_word' id='word_1_132' title='bbox 576 1636 959 1689; x_wconf 84' lang='lat' dir='ltr'>conspicerentur.</span> <span class='ocrx_word' id='word_1_133' title='bbox 990 1635 1033 1676; x_wconf 92' lang='lat' dir='ltr'>ln</span> <span class='ocrx_word' id='word_1_134' title='bbox 1064 1635 1287 1677; x_wconf 92' lang='lat' dir='ltr'>eiusmodi</span> <span class='ocrx_word' id='word_1_135' title='bbox 1307 1635 1517 1677; x_wconf 91' lang='lat' dir='ltr'>socordia</span> <span class='ocrx_word' id='word_1_136' title='bbox 1537 1634 1740 1677; x_wconf 88' lang='lat' dir='ltr'>hodierni</span> 
     </span>
     <span class='ocr_line' id='line_1_18' title="bbox 178 1705 1743 1760; baseline -0.002 -12"><span class='ocrx_word' id='word_1_137' title='bbox 178 1705 360 1759; x_wconf 87' lang='lat' dir='ltr'>quidem</span> <span class='ocrx_word' id='word_1_138' title='bbox 389 1707 667 1760; x_wconf 88' lang='lat' dir='ltr'>spectatores</span> <span class='ocrx_word' id='word_1_139' title='bbox 682 1705 982 1756; x_wconf 73' lang='lat' dir='ltr'>offenduntur,</span> <span class='ocrx_word' id='word_1_140' title='bbox 1002 1706 1082 1748; x_wconf 93' lang='lat' dir='ltr'>sed</span> <span class='ocrx_word' id='word_1_141' title='bbox 1103 1706 1316 1759; x_wconf 91' lang='lat' dir='ltr'>antiquos</span> <span class='ocrx_word' id='word_1_142' title='bbox 1336 1708 1501 1748; x_wconf 87' lang='lat' dir='ltr'>tantam</span> <span class='ocrx_word' id='word_1_143' title='bbox 1522 1708 1743 1759; x_wconf 68' lang='grc' dir='ltr'><em>ἀκρίβειαν</em></span> 
     </span>
     <span class='ocr_line' id='line_1_19' title="bbox 177 1776 1741 1831; baseline -0.001 -13"><span class='ocrx_word' id='word_1_144' title='bbox 177 1776 221 1818; x_wconf 91' lang='lat' dir='ltr'>in</span> <span class='ocrx_word' id='word_1_145' title='bbox 265 1787 402 1819; x_wconf 92' lang='lat' dir='ltr'>scena</span> <span class='ocrx_word' id='word_1_146' title='bbox 446 1777 627 1819; x_wconf 91' lang='lat' dir='ltr'>minime</span> <span class='ocrx_word' id='word_1_147' title='bbox 671 1777 895 1830; x_wconf 89' lang='lat' dir='ltr'>requirere</span> <span class='ocrx_word' id='word_1_148' title='bbox 941 1778 981 1818; x_wconf 90' lang='lat' dir='ltr'>et</span> <span class='ocrx_word' id='word_1_149' title='bbox 1016 1776 1154 1818; x_wconf 90' lang='lat' dir='ltr'>multo</span> <span class='ocrx_word' id='word_1_150' title='bbox 1189 1777 1320 1818; x_wconf 89' lang='lat' dir='ltr'>etiam</span> <span class='ocrx_word' id='word_1_151' title='bbox 1356 1776 1561 1831; x_wconf 86' lang='lat' dir='ltr'>graviora</span> <span class='ocrx_word' id='word_1_152' title='bbox 1595 1776 1741 1830; x_wconf 92' lang='lat' dir='ltr'>poetis</span> 
     </span>
     <span class='ocr_line' id='line_1_20' title="bbox 177 1846 1739 1902; baseline -0.001 -13"><span class='ocrx_word' id='word_1_153' title='bbox 177 1847 427 1890; x_wconf 89' lang='lat' dir='ltr'>concedere</span> <span class='ocrx_word' id='word_1_154' title='bbox 471 1846 630 1897; x_wconf 83' lang='lat' dir='ltr'>solere,</span> <span class='ocrx_word' id='word_1_155' title='bbox 673 1847 908 1890; x_wconf 88' lang='lat' dir='ltr'>notissima</span> <span class='ocrx_word' id='word_1_156' title='bbox 953 1858 1022 1889; x_wconf 91' lang='lat' dir='ltr'>res</span> <span class='ocrx_word' id='word_1_157' title='bbox 1066 1850 1144 1889; x_wconf 87' lang='lat' dir='ltr'>est.</span> <span class='ocrx_word' id='word_1_158' title='bbox 1191 1846 1415 1898; x_wconf 89' lang='lat' dir='ltr'>Quoniam</span> <span class='ocrx_word' id='word_1_159' title='bbox 1463 1859 1568 1902; x_wconf 85' lang='lat' dir='ltr'>ergo</span> <span class='ocrx_word' id='word_1_160' title='bbox 1603 1846 1739 1889; x_wconf 89' lang='lat' dir='ltr'>calcei</span> 
     </span>
     <span class='ocr_line' id='line_1_21' title="bbox 178 1917 1740 1973; baseline -0.001 -13"><span class='ocrx_word' id='word_1_161' title='bbox 178 1917 221 1960; x_wconf 89' lang='lat' dir='ltr'>in</span> <span class='ocrx_word' id='word_1_162' title='bbox 255 1918 432 1960; x_wconf 92' lang='lat' dir='ltr'>scholio</span> <span class='ocrx_word' id='word_1_163' title='bbox 467 1918 630 1961; x_wconf 90' lang='lat' dir='ltr'>diserte</span> <span class='ocrx_word' id='word_1_164' title='bbox 664 1918 999 1960; x_wconf 90' lang='lat' dir='ltr'>commemorati</span> <span class='ocrx_word' id='word_1_165' title='bbox 1043 1917 1281 1960; x_wconf 85' lang='lat' dir='ltr'>Plutarcho</span> <span class='ocrx_word' id='word_1_166' title='bbox 1328 1930 1417 1960; x_wconf 89' lang='lat' dir='ltr'>non</span> <span class='ocrx_word' id='word_1_167' title='bbox 1452 1918 1589 1973; x_wconf 82' lang='lat' dir='ltr'>ignoti</span> <span class='ocrx_word' id='word_1_168' title='bbox 1625 1919 1740 1968; x_wconf 90' lang='lat' dir='ltr'>sunt,</span> 
     </span>
     <span class='ocr_line' id='line_1_22' title="bbox 178 1988 1742 2044; baseline 0 -14"><span class='ocrx_word' id='word_1_169' title='bbox 178 1988 388 2042; x_wconf 91' lang='lat' dir='ltr'>equidem</span> <span class='ocrx_word' id='word_1_170' title='bbox 409 1988 546 2031; x_wconf 91' lang='lat' dir='ltr'>nolim</span> <span class='ocrx_word' id='word_1_171' title='bbox 567 2001 667 2031; x_wconf 92' lang='lat' dir='ltr'>cum</span> <span class='ocrx_word' id='word_1_172' title='bbox 702 1989 885 2043; x_wconf 87' lang='lat' dir='ltr'>Mayero</span> <span class='ocrx_word' id='word_1_173' title='bbox 919 1991 1126 2040; x_wconf 83' lang='lat' dir='ltr'>statuere,</span> <span class='ocrx_word' id='word_1_174' title='bbox 1162 1989 1420 2044; x_wconf 87' lang='lat' dir='ltr'>Euripidem</span> <span class='ocrx_word' id='word_1_175' title='bbox 1451 2000 1530 2031; x_wconf 93' lang='lat' dir='ltr'>eos</span> <span class='ocrx_word' id='word_1_176' title='bbox 1559 1988 1742 2044; x_wconf 86' lang='lat' dir='ltr'>neglex-</span> 
     </span>
     <span class='ocr_line' id='line_1_23' title="bbox 178 2058 1740 2114; baseline 0 -13"><span class='ocrx_word' id='word_1_177' title='bbox 178 2059 281 2102; x_wconf 91' lang='lat' dir='ltr'>isse.</span> <span class='ocrx_word' id='word_1_178' title='bbox 315 2058 599 2114; x_wconf 88' lang='lat' dir='ltr'>Quamquam</span> <span class='ocrx_word' id='word_1_179' title='bbox 634 2062 770 2103; x_wconf 86' lang='lat' dir='ltr'>totam</span> <span class='ocrx_word' id='word_1_180' title='bbox 803 2061 915 2103; x_wconf 91' lang='lat' dir='ltr'>hanc</span> <span class='ocrx_word' id='word_1_181' title='bbox 946 2072 1036 2103; x_wconf 91' lang='lat' dir='ltr'>rem</span> <span class='ocrx_word' id='word_1_182' title='bbox 1068 2084 1116 2088; x_wconf 74' lang='lat'>—</span> <span class='ocrx_word' id='word_1_183' title='bbox 1156 2060 1429 2103; x_wconf 89' lang='lat' dir='ltr'>levissimam</span> <span class='ocrx_word' id='word_1_184' title='bbox 1466 2059 1740 2114; x_wconf 80' lang='lat' dir='ltr'>profecto—</span> 
     </span>
     <span class='ocr_line' id='line_1_24' title="bbox 179 2129 1742 2186; baseline 0 -14"><span class='ocrx_word' id='word_1_185' title='bbox 179 2130 389 2173; x_wconf 90' lang='lat' dir='ltr'>incertam</span> <span class='ocrx_word' id='word_1_186' title='bbox 439 2143 618 2174; x_wconf 90' lang='lat' dir='ltr'>manere</span> <span class='ocrx_word' id='word_1_187' title='bbox 667 2131 780 2174; x_wconf 90' lang='lat' dir='ltr'>ultro</span> <span class='ocrx_word' id='word_1_188' title='bbox 830 2132 1048 2174; x_wconf 91' lang='lat' dir='ltr'>concedo.</span> <span class='ocrx_word' id='word_1_189' title='bbox 1108 2131 1241 2182; x_wconf 92' lang='lat' dir='ltr'>Quod</span> <span class='ocrx_word' id='word_1_190' title='bbox 1302 2132 1498 2186; x_wconf 90' lang='lat' dir='ltr'>denique</span> <span class='ocrx_word' id='word_1_191' title='bbox 1548 2129 1742 2173; x_wconf 87' lang='lat' dir='ltr'>Ovidius</span> 
     </span>
     <span class='ocr_line' id='line_1_25' title="bbox 179 2201 1739 2257; baseline -0.001 -13"><span class='ocrx_word' id='word_1_192' title='bbox 179 2201 358 2245; x_wconf 88' lang='lat' dir='ltr'>calceos</span> <span class='ocrx_word' id='word_1_193' title='bbox 401 2203 575 2253; x_wconf 90' lang='lat' dir='ltr'>omittit,</span> <span class='ocrx_word' id='word_1_194' title='bbox 620 2202 705 2244; x_wconf 92' lang='lat' dir='ltr'>hoc</span> <span class='ocrx_word' id='word_1_195' title='bbox 746 2214 834 2244; x_wconf 90' lang='lat' dir='ltr'>non</span> <span class='ocrx_word' id='word_1_196' title='bbox 870 2203 1018 2257; x_wconf 86' lang='lat' dir='ltr'>magni</span> <span class='ocrx_word' id='word_1_197' title='bbox 1053 2202 1310 2245; x_wconf 80' lang='lat' dir='ltr'>faciendum</span> <span class='ocrx_word' id='word_1_198' title='bbox 1346 2204 1425 2253; x_wconf 86' lang='lat' dir='ltr'>est,</span> <span class='ocrx_word' id='word_1_199' title='bbox 1459 2202 1631 2256; x_wconf 87' lang='lat' dir='ltr'>quippe</span> <span class='ocrx_word' id='word_1_200' title='bbox 1665 2201 1739 2254; x_wconf 89' lang='lat' dir='ltr'>qui</span> 
     </span>
     <span class='ocr_line' id='line_1_26' title="bbox 179 2271 1740 2327; baseline -0.002 -11"><span class='ocrx_word' id='word_1_201' title='bbox 179 2284 326 2327; x_wconf 88' lang='lat' dir='ltr'>neque</span> <span class='ocrx_word' id='word_1_202' title='bbox 369 2273 626 2315; x_wconf 90' lang='lat' dir='ltr'>convivium</span> <span class='ocrx_word' id='word_1_203' title='bbox 671 2275 992 2315; x_wconf 89' lang='lat' dir='ltr'>commemoret</span> <span class='ocrx_word' id='word_1_204' title='bbox 1036 2285 1183 2327; x_wconf 88' lang='lat' dir='ltr'>neque</span> <span class='ocrx_word' id='word_1_205' title='bbox 1230 2275 1413 2323; x_wconf 87' lang='lat' dir='ltr'>enarret,</span> <span class='ocrx_word' id='word_1_206' title='bbox 1458 2283 1546 2326; x_wconf 91' lang='lat' dir='ltr'>qua</span> <span class='ocrx_word' id='word_1_207' title='bbox 1586 2271 1740 2313; x_wconf 76' lang='lat' dir='ltr'>fraude</span> 
     </span>
     <span class='ocr_line' id='line_1_27' title="bbox 177 2343 1739 2399; baseline -0.002 -13"><span class='ocrx_word' id='word_1_208' title='bbox 177 2343 340 2387; x_wconf 87' lang='lat' dir='ltr'>Medea</span> <span class='ocrx_word' id='word_1_209' title='bbox 383 2344 564 2399; x_wconf 86' lang='lat' dir='ltr'>coniugi</span> <span class='ocrx_word' id='word_1_210' title='bbox 611 2355 694 2386; x_wconf 92' lang='lat' dir='ltr'>suo</span> <span class='ocrx_word' id='word_1_211' title='bbox 739 2344 1027 2398; x_wconf 86' lang='lat' dir='ltr'>persuaserit,</span> <span class='ocrx_word' id='word_1_212' title='bbox 1072 2344 1151 2387; x_wconf 87' lang='lat' dir='ltr'>sed</span> <span class='ocrx_word' id='word_1_213' title='bbox 1194 2346 1329 2386; x_wconf 88' lang='lat' dir='ltr'>totam</span> <span class='ocrx_word' id='word_1_214' title='bbox 1376 2354 1479 2393; x_wconf 85' lang='lat' dir='ltr'>rem,</span> <span class='ocrx_word' id='word_1_215' title='bbox 1513 2344 1739 2396; x_wconf 88' lang='lat' dir='ltr'>tamquam</span> 
     </span>
    </p>
   </div>
   <div class='ocr_carea' id='block_1_2' title="bbox 178 2413 1742 2538">
    <p class='ocr_par' dir='ltr' id='par_1_4' title="bbox 178 2413 1742 2538">
     <span class='ocr_line' id='line_1_28' title="bbox 178 2413 1742 2469; baseline -0.001 -12"><span class='ocrx_word' id='word_1_216' title='bbox 178 2414 423 2457; x_wconf 91' lang='lat' dir='ltr'>lectoribus</span> <span class='ocrx_word' id='word_1_217' title='bbox 468 2415 635 2457; x_wconf 89' lang='lat' dir='ltr'>iamdiu</span> <span class='ocrx_word' id='word_1_218' title='bbox 682 2417 845 2466; x_wconf 88' lang='lat' dir='ltr'>notam,</span> <span class='ocrx_word' id='word_1_219' title='bbox 891 2414 1050 2469; x_wconf 87' lang='lat' dir='ltr'>paucis</span> <span class='ocrx_word' id='word_1_220' title='bbox 1095 2415 1218 2458; x_wconf 91' lang='lat' dir='ltr'>hisce</span> <span class='ocrx_word' id='word_1_221' title='bbox 1263 2414 1469 2457; x_wconf 90' lang='lat' dir='ltr'>versibus</span> <span class='ocrx_word' id='word_1_222' title='bbox 1512 2413 1742 2468; x_wconf 90' lang='lat' dir='ltr'>complec-</span> 
     </span>
     <span class='ocr_line' id='line_1_29' title="bbox 178 2484 793 2538; baseline 0 -11"><span class='ocrx_word' id='word_1_223' title='bbox 178 2486 292 2528; x_wconf 90' lang='lat' dir='ltr'>tatur</span> <span class='ocrx_word' id='word_1_224' title='bbox 322 2485 506 2538; x_wconf 87' lang='lat' dir='ltr'>(Metam</span> <span class='ocrx_word' id='word_1_225' title='bbox 558 2485 625 2528; x_wconf 92' lang='lat' dir='ltr'>Vll</span> <span class='ocrx_word' id='word_1_226' title='bbox 659 2484 793 2538; x_wconf 83' lang='lat'>404):</span> 
     </span>
    </p>
   </div>
   <div class='ocr_carea' id='block_1_3' title="bbox 179 2615 460 2620">
    <p class='ocr_par' dir='ltr' id='par_1_5' title="bbox 179 2615 460 2620">
     <span class='ocr_line' id='line_1_30' title="bbox 179 2615 460 2620; baseline 0 0"><span class='ocrx_word' id='word_1_227' title='bbox 179 2615 460 2620; x_wconf 95' lang='lat' dir='ltr'> </span> 
     </span>
    </p>
   </div>
   <div class='ocr_carea' id='block_1_4' title="bbox 223 2705 1740 2849">
    <p class='ocr_par' dir='ltr' id='par_1_6' title="bbox 223 2705 1740 2849">
     <span class='ocr_line' id='line_1_31' title="bbox 223 2705 1374 2747; baseline -0.001 -8"><span class='ocrx_word' id='word_1_228' title='bbox 223 2707 253 2747; x_wconf 86' lang='lat' dir='ltr'>l)</span> <span class='ocrx_word' id='word_1_229' title='bbox 275 2706 322 2739; x_wconf 87' lang='lat' dir='ltr'>M.</span> <span class='ocrx_word' id='word_1_230' title='bbox 345 2706 474 2747; x_wconf 87' lang='lat' dir='ltr'>Mayer‚</span> <span class='ocrx_word' id='word_1_231' title='bbox 497 2706 548 2739; x_wconf 92' lang='lat' dir='ltr'>De</span> <span class='ocrx_word' id='word_1_232' title='bbox 573 2705 751 2747; x_wconf 85' lang='lat' dir='ltr'>Euripidis</span> <span class='ocrx_word' id='word_1_233' title='bbox 774 2705 1002 2746; x_wconf 86' lang='lat' dir='ltr'>Mythopoeia</span> <span class='ocrx_word' id='word_1_234' title='bbox 1026 2705 1139 2745; x_wconf 85' lang='lat' dir='ltr'>capita</span> <span class='ocrx_word' id='word_1_235' title='bbox 1163 2705 1244 2743; x_wconf 89' lang='lat' dir='ltr'>duo,</span> <span class='ocrx_word' id='word_1_236' title='bbox 1268 2713 1300 2746; x_wconf 90' lang='lat' dir='ltr'>p.</span> <span class='ocrx_word' id='word_1_237' title='bbox 1324 2705 1374 2738; x_wconf 85' lang='grc'>60.</span> 
     </span>
     <span class='ocr_line' id='line_1_32' title="bbox 1685 2807 1740 2849; baseline 0 0"><span class='ocrx_word' id='word_1_238' title='bbox 1685 2807 1740 2849; x_wconf 87' lang='grc'>57</span> 
     </span>
    </p>
   </div>
  </div>
 </body>
</html>
