2174 3374
419 524 711 578 διασπαράξει·
747 525 1003 575 πλευμόνων
1036 523 1071 563 δ’
1091 527 1337 575 ἀνθάψεται

421 595 632 648 Ταρτησία
661 597 865 647 μύραινα,
898 598 951 634 τὼ
984 600 1121 649 νεφρὼ
1155 596 1199 635 δέ
1231 612 1307 636 σου

419 668 611 706 αὐτοῖσιν
643 668 871 719 ἐντέροισιν
903 668 1164 720 ᾑματωμένω

418 736 729 776 (διασπάσονται
759 736 968 790 Γοργόνες
1004 737 1271 790 Τειθράσιαι,

417 804 483 859 ἐφ’
516 810 566 855 ἂς
597 809 676 859 ἐγὼ
710 807 918 861 δρομαῖον
951 809 1122 861 ὁρμήσω
1155 807 1281 849 πόδα.

241 876 362 919 Haec
401 877 645 919 dictionem
689 877 903 931 tragicam
944 876 1104 919 referre
1145 888 1276 919 nemo
1321 879 1400 927 est,
1445 877 1552 931 quin
1592 878 1737 920 statim

181 947 333 990 audiat
389 949 522 1002 atque
580 948 624 989 in
682 947 871 989 scholiis
930 947 1175 989 identidem
1224 947 1465 989 affirmatur
1512 947 1737 990 Theseum

181 1018 411 1073 Euripidis
444 1019 529 1060 hoc
563 1018 664 1060 loco
699 1030 724 1060 a
756 1019 932 1060 comico
967 1018 1163 1060 ludibrio
1193 1018 1361 1069 haberi,
1391 1030 1444 1060 ex
1472 1029 1561 1072 qua
1588 1017 1740 1060 fabula

181 1090 225 1131 in
258 1089 448 1132 scholiis
481 1089 525 1131 hi
560 1092 648 1132 tres
680 1089 864 1131 trimetri
899 1089 1163 1132 afferuntur:

416 1164 528 1215 κάρα
560 1176 600 1200 τε
632 1164 712 1215 γάρ
744 1176 822 1201 σου
854 1164 1018 1214 σύγχέω
1050 1164 1203 1212 κόμαις
1236 1163 1358 1212 ὁμοῦ,

417 1234 533 1285 ῥανῶ
566 1247 606 1271 τε
636 1230 780 1272 πεδόσ’
815 1233 1065 1284 ἐγκέφαλον,
1100 1234 1302 1283 ὀμμάτων
1334 1228 1369 1270 δ’
1390 1233 1475 1271 ἄπο

416 1306 665 1354 αἱμοσταγεῖ
695 1309 903 1356 πρηστῆρες
935 1306 1155 1356 ῥεύσονται
1186 1304 1309 1342 κάτω.

238 1372 350 1415 Tres
399 1373 482 1416 hos
528 1384 686 1415 versus
735 1374 939 1416 ianitoris
994 1372 1311 1427 Aristophanei
1360 1372 1510 1415 verbis
1558 1372 1739 1414 minime

180 1443 352 1486 similes
395 1455 510 1495 esse,
557 1445 680 1495 „sive
716 1468 767 1472 —-
803 1447 849 1487 ut
887 1444 1140 1486 Leeuwenii
1174 1444 1325 1486 verbis
1359 1445 1455 1489 utar
1489 1467 1535 1471 -
1577 1443 1738 1493 locum,

179 1514 275 1557 sive
310 1514 597 1557 occasionem
632 1515 727 1557 sive
762 1526 1001 1569 personam
1037 1515 1264 1569 loquentis
1292 1515 1387 1557 sive
1417 1515 1516 1569 ipsa
1544 1515 1740 1568 denique

179 1585 316 1628 verba
345 1584 567 1640 spectes”‚
587 1586 668 1628 viri
690 1586 808 1628 docti
833 1597 969 1640 supra
988 1586 1012 1627 l.
1035 1586 1400 1636 observaverunt,
1421 1586 1558 1628 multo
1579 1586 1740 1628 melius

180 1657 291 1700 haec
339 1657 491 1699 omnia
534 1657 578 1699 in
623 1656 868 1699 Pirithoum
914 1657 1067 1699 drama
1110 1657 1350 1699 convenire
1389 1656 1738 1707 contendentes,

180 1728 255 1770 ubi
296 1727 502 1772 Herculis
536 1729 778 1771 descensio
813 1729 869 1771 ad
904 1728 1072 1771 inferos
1107 1729 1295 1782 eiusque
1330 1728 1607 1781 colloquium
1637 1739 1737 1770 cum

179 1798 327 1841 Aeaco
347 1799 675 1854 depingeretur.
691 1797 1042 1842 Scholiastarum
1063 1800 1195 1854 igitur
1213 1811 1357 1841 errore
1376 1799 1540 1841 Thesei
1560 1798 1738 1840 fabulae

179 1882 343 1913 nomen
372 1871 416 1912 in
445 1871 793 1913 commentarios
822 1871 1071 1925 irrepsisse.
1102 1870 1145 1912 In
1175 1870 1363 1912 scholiis
1387 1872 1532 1912 autem
1553 1870 1739 1912 vetustis

178 1941 392 1996 scriptum
450 1941 591 1984 fuisse
650 1941 909 1996 Euripidem
965 1943 1074 1984 haec
1125 1953 1213 1983 non
1262 1944 1306 1980 ἐν
1354 1941 1493 1993 Θησεῖ,
1542 1941 1622 1982 sed
1670 1943 1738 1980 ἐπὶ

180 2013 308 2066 Θησεῖ
349 2036 397 2041 -
435 2013 490 2055 de
522 2013 703 2055 Theseo
739 2036 791 2041 —
827 2013 1010 2063 dixisse,
1058 2013 1100 2054 in
1136 2011 1333 2054 Pirithoo
1368 2012 1540 2054 scilicet
1571 2010 1736 2053 fabula.

178 2083 290 2126 Tres
333 2084 436 2127 illos
478 2084 700 2127 trimetros
744 2095 926 2138 quoque
971 2083 1112 2125 lectos
1150 2083 1290 2126 fuisse
1325 2083 1367 2125 in
1402 2082 1586 2124 Pirithoi
1621 2082 1736 2133 loco,

178 2167 311 2209 quem
347 2155 549 2198 comicus
583 2167 701 2197 nunc
741 2155 997 2197 imitaretur.

234 2224 370 2276 Quod
405 2227 559 2268 attinet
591 2227 646 2268 ad
681 2226 1000 2276 coniecturam,
1034 2225 1325 2267 scholiastam
1361 2224 1565 2278 primitus
1586 2235 1673 2265 non
1693 2226 1738 2264 ἐν

180 2297 308 2350 Θησεῖ
349 2297 429 2339 sed
473 2301 541 2337 ἐπὶ
586 2297 714 2349 Θησεῖ
751 2296 1007 2350 scripsisse,
1039 2307 1134 2337 eam
1164 2295 1371 2337 vitiosam
1401 2306 1501 2337 esse
1535 2296 1736 2349 apparet,

178 2369 215 2411 si
260 2369 409 2423 ipsum
453 2368 674 2410 scholium
720 2367 1001 2421 inspicimus.
1047 2366 1223 2421 Legitur
1265 2366 1382 2408 enim
1426 2366 1481 2408 ad
1523 2376 1588 2407 vs.
1621 2365 1736 2407 475:

178 2443 263 2480 ἔστι
296 2441 340 2479 ὃὲ
372 2444 501 2480 ταῦτα
533 2442 579 2478 ἐν
612 2439 738 2491 Θησεῖ
770 2441 1037 2491 πεποιημένα
1069 2438 1292 2492 Εὐριπίδῃ·
1328 2441 1411 2477 ἐκεῖ
1443 2441 1522 2491 γὰρ
1555 2440 1737 2484 τοιοῦτός

124 2506 128 2507 ⁷
178 2513 264 2551 ἐστι
306 2511 562 2559 σπουδάζων
604 2513 626 2550 ὁ
667 2509 914 2563 Εὐριπίδης,
952 2514 1040 2556 οἶος
1072 2511 1261 2549 ἐνταῦθα
1292 2510 1472 2557 παίζων.
1515 2507 1660 2550 Verba
1692 2511 1737 2548 ἐν

181 2580 309 2633 Θησεῖ
335 2603 389 2608 -
418 2580 462 2621 in
486 2579 666 2622 Theseo
694 2579 845 2621 fabula
871 2602 924 2607 -—
955 2579 1026 2621 hic
1051 2579 1173 2621 nullo
1202 2578 1337 2620 modo
1368 2578 1411 2620 in
1440 2581 1508 2619 ἐπὶ
1537 2579 1737 2632 Θησεῖ-

180 2651 236 2693 de
279 2650 459 2693 Theseo
502 2674 556 2679 —
601 2651 814 2692 mutanda
858 2661 958 2692 esse
1002 2650 1134 2692 docet
1176 2649 1447 2692 vocabulum
1481 2652 1577 2701 ἐκεῖ,
1612 2650 1736 2704 quod

180 2723 348 2764 tantum
383 2722 440 2764 ad
473 2721 753 2772 fabulam,
789 2733 877 2763 non
913 2721 968 2763 ad
1004 2732 1311 2776 personam
1341 2722 1544 2774 spectare
1574 2721 1736 2774 potest.

1681 2838 1736 2880 73
