2174 3374
169 513 398 563 vocantur,
423 511 464 564 ¹)
496 513 629 555 huius
663 513 959 569 etymologiae
994 525 1163 556 memor
1194 513 1276 556 fuit
1309 516 1350 556 et
1383 525 1544 556 nomen
1575 525 1726 556 eorum

170 580 405 626 Colchidis
438 584 607 625 nomini
642 584 883 638 adaptavit.

230 652 316 698 Res
359 655 503 696 autem
550 657 616 697 est
658 655 871 698 notabilis
915 658 1046 709 atque
1090 656 1281 711 insignis
1315 667 1473 698 omnes
1522 658 1728 698 auctores

170 722 382 778 Euripide
425 726 698 779 posteriores
741 737 920 780 semper
962 728 1003 768 et
1046 727 1213 780 ubique
1258 739 1346 769 non
1390 727 1612 776 Medeam,
1646 727 1727 769 sed

167 794 306 837 filium
355 795 452 838 eius
499 796 682 839 Medum
731 798 958 850 tamquam
1007 797 1186 839 Mediae
1231 798 1410 840 heroem
1455 810 1726 852 eponymum

168 864 335 908 afferre.
370 866 474 908 Inde
509 878 533 908 a
566 869 781 921 tempore,
817 879 906 921 quo
927 865 1114 910 Graecis
1148 868 1290 922 magis
1325 868 1605 911 innotescere
1641 869 1726 910 iam

168 938 410 990 coeperant
458 937 595 988 Medi,
646 938 670 980 i.
717 950 754 980 e.
804 938 908 980 inde
957 950 981 980 a
1028 938 1162 980 bellis
1211 937 1404 981 Persicis
1453 939 1726 981 desiderium

167 1007 477 1062 emergebatur
517 1008 752 1050 Medorum
793 1009 1010 1064 originem
1051 1009 1389 1063 quodammodo
1424 1010 1726 1064 coniungendi

168 1089 268 1120 cum
312 1078 588 1134 mythologia
619 1078 776 1122 Attica.
809 1079 862 1121 At
895 1080 1073 1134 poetica
1106 1080 1363 1122 inventione
1399 1092 1515 1134 opus
1548 1083 1638 1123 erat
1672 1081 1726 1123 ad

167 1149 285 1191 hunc
328 1149 495 1192 nodum
540 1151 824 1193 nectendum.
869 1150 1018 1204 ltaque
1063 1151 1168 1193 inde
1212 1152 1267 1193 ab
1312 1151 1525 1205 Euripide
1569 1163 1728 1194 omnes

166 1219 297 1262 avide
347 1232 507 1263 novam
558 1222 672 1263 hanc
721 1221 1037 1276 etymologiam
1082 1222 1375 1276 arripuerunt,
1396 1220 1429 1274 2)
1473 1234 1561 1276 qua
1604 1223 1726 1265 Medi

166 1290 385 1345 originem
420 1302 546 1333 suam
582 1292 637 1334 ab
671 1291 820 1346 Aegeo
857 1291 1127 1334 Athenarum
1165 1305 1268 1348 rege
1303 1292 1589 1335 abducerent.

226 1360 292 1404 De
336 1362 548 1405 dramatis
593 1363 711 1405 exitu
755 1358 922 1417 optime
968 1364 1149 1406 meritus
1194 1366 1260 1406 est
1292 1364 1445 1417 Mayer
1478 1364 1524 1415 (l.
1554 1363 1614 1415 1.),
1649 1365 1725 1418 qui

166 1433 268 1486 apte
303 1433 388 1475 huc
422 1433 566 1475 attulit
599 1433 715 1476 duos
749 1445 906 1477 versus
940 1446 993 1477 ex
1027 1434 1315 1489 Theopompi
1351 1435 1510 1477 comici
1546 1434 1726 1477 Theseo

166 1503 391 1555 <Meineke
425 1503 455 1545 lI
491 1516 532 1558 p.
567 1505 666 1556 798,
705 1506 750 1556 13
783 1505 832 1547 fr.
872 1506 923 1547 17
957 1505 1095 1556 Kock,
1131 1518 1173 1559 p.
1208 1505 1340 1558 737):

405 1579 509 1626 ἵξει
543 1576 597 1615 δὲ
629 1574 835 1628 ᾸῘήόων
867 1583 1046 1629 γαῖαν,
1081 1579 1191 1617 ἔνθα
1222 1577 1453 1632 καρδάμων

402 1647 612 1687 πλείσῑων
643 1653 825 1687 ποιεῖται
858 1653 929 1687 καὶ
962 1651 1139 1702 πράσων
1171 1650 1399 1702 ἀβυρῖάκη.

225 1712 366 1759 Cuius
393 1715 627 1771 fragmenti
657 1717 793 1759 verba
822 1718 963 1772 prima
987 1729 1040 1759 ex
1057 1717 1209 1773 Aegeo
1230 1717 1470 1772 Euripidea
1489 1718 1727 1773 desumpta

165 1797 265 1829 esse
308 1786 496 1830 feliciter
537 1788 730 1830 coniecit
771 1800 812 1830 v.
847 1789 904 1839 d.,
950 1790 1114 1843 putans
1151 1791 1297 1831 tamen
1348 1790 1433 1831 hoc
1466 1789 1725 1831 vaticinium

165 1857 221 1900 ab
256 1858 355 1913 ipsa
387 1858 550 1901 Medea
583 1859 750 1902 editum
779 1858 934 1910 tuisse,
964 1872 1053 1902 non
1083 1860 1168 1902 iam
1198 1860 1241 1902 in
1270 1871 1406 1902 scena
1436 1861 1725 1911 consistente,

164 1930 244 1972 sed
277 1930 521 1973 draconteo
556 1941 683 1972 curru
719 1930 895 1972 sublata
929 1942 1007 1985 per
1039 1942 1141 1973 aera
1173 1930 1415 1973 avolatura.
1457 1930 1591 1981 Quod
1625 1943 1725 1973 cum

165 1999 352 2060 Hygino·
376 2001 586 2053 concinit,
631 2001 707 2055 qui
741 2001 830 2043 fab.
864 2001 921 2044 26
955 2003 1098 2044 narrat
1131 2001 1337 2044 Medeam
1373 2002 1536 2044 iunctis
1570 2001 1725 2044 draco-

207 2140 237 2181 1)
271 2140 365 2180 Pyth.
389 2140 471 2173 178.
507 2140 606 2172 Haud
641 2140 738 2172 aliter
772 2140 900 2172 iudicat
935 2140 1224 2173 Wilamowitzius
1256 2140 1404 2178 „Hieron
1429 2140 1500 2173 und
1531 2140 1725 2173 Pindaros”

162 2202 240 2234 pag.
273 2193 322 2232 35,
363 2194 422 2234 qui
462 2195 650 2233 postquam
691 2193 891 2226 observavit
932 2193 1215 2233 antiquissimam
1250 2194 1398 2226 formam
1434 2194 1597 2239 Μήδειοι
1630 2195 1724 2234 apud

163 2243 303 2283 Ibycum
327 2250 469 2283 quoque
494 2244 637 2280 exstare,
661 2243 706 2274 ita
730 2242 859 2282 pergit:
895 2250 953 2280 „es
984 2243 1065 2282 liegt
1093 2242 1152 2274 auf
1175 2242 1235 2275 der
1258 2243 1369 2281 Hand,
1394 2244 1478 2276 dass
1502 2245 1599 2277 diese
1623 2244 1724 2277 Form

163 2297 252 2329 dazu
286 2296 423 2337 getiihrt
456 2296 513 2327 hat
546 2295 698 2340 Μήδεια
731 2297 792 2328 mit
823 2296 902 2328 dem
935 2296 1178 2336 Kriegervolke
1203 2295 1424 2329 lnnerasiens
1447 2305 1488 2330 zu
1514 2297 1726 2330 verbinden:

162 2347 224 2379 der
257 2345 353 2378 Sohn
388 2345 520 2390 Μῆδος
553 2346 597 2379 ist
631 2348 699 2378 erst
732 2345 1128 2385 zwischengeschoben,
1161 2346 1213 2377 als
1244 2346 1304 2378 der
1334 2346 1475 2378 kurzere
1505 2346 1640 2378 Namen
1665 2345 1726 2378 der

161 2396 405 2429 iiberlieferten
429 2396 679 2429 Combination
704 2394 1012 2435 Schwierigkeiten
1036 2395 1229 2428 bereitete''.

201 2449 235 2488 2)
259 2448 343 2489 Hyg.
368 2449 436 2482 fab.
459 2448 519 2486 27;
542 2448 706 2488 Apollod.
730 2448 739 2480 1
763 2448 792 2486 9,
815 2448 875 2487 28;
906 2448 1050 2481 Diodor.
1075 2448 1114 2479 IV
1136 2448 1196 2486 55;
1220 2448 1337 2488 Steph.
1361 2448 1442 2489 Byz.
1465 2457 1492 2481 s.
1516 2457 1545 2482 v.
1569 2449 1726 2494 Μηδία,-

160 2504 286 2538 Strabo
309 2505 351 2537 Xl
373 2505 454 2544 526;
478 2505 651 2546 Cephalio
673 2504 768 2544 apud
792 2503 941 2544 Syncell.
964 2513 996 2544 p.
1023 2503 1119 2536 167A
1153 2504 1203 2543 (F.
1227 2504 1267 2536 Η.
1291 2504 1331 2538 G.
1355 2504 1393 2536 Ill
1416 2513 1449 2544 p.
1472 2505 1558 2545 626).
1593 2505 1724 2538 Pausa-

161 2558 239 2597 nias
263 2557 287 2590 11
310 2558 340 2597 3,
362 2558 383 2590 8
405 2559 521 2591 locum
546 2558 712 2591 Herodoti
737 2565 843 2597 supra
867 2558 886 2590 l.
904 2558 1087 2598 exscripsit
1100 2559 1203 2597 atque
1216 2557 1343 2590 Medos
1357 2558 1459 2597 igitur
1477 2565 1605 2590 nomen
1620 2566 1723 2590 suum

160 2619 180 2644 a
213 2611 339 2644 Medea
371 2612 554 2652 accepisse
588 2611 699 2649 tradit,
734 2611 797 2643 sed
832 2611 1001 2643 continuo
1036 2611 1133 2643 addit
1165 2610 1320 2647 Medum,
1354 2610 1501 2643 Medeae
1532 2619 1573 2643 ex
1604 2611 1723 2651 Aegeo

160 2664 279 2703 filium,
314 2666 457 2698 matrem
491 2666 525 2697 in
560 2665 680 2698 Asiam
715 2665 917 2697 comitatum
952 2672 1041 2701 esse,
1076 2672 1166 2703 quae
1191 2673 1232 2696 ex
1255 2664 1404 2696 diversis
1428 2664 1585 2696 fontibus
1610 2665 1724 2696 hausit

158 2719 286 2750 temere
309 2735 349 2740 —
372 2722 406 2751 ut
431 2719 520 2751 solet
543 2736 583 2740 —
606 2719 847 2758 coniungens;
873 2717 917 2750 cf.
942 2726 973 2757 p.
997 2717 1046 2749 29.

1663 2821 1712 2862 61
