2174 3374
532 518 614 561 Hic
658 519 827 562 omissa
870 522 973 562 sunt
1007 520 1220 563 iudicium
1255 520 1622 577 Areopagiticum
1657 524 1698 565 et
1732 521 1958 565 Procridis
1991 524 2035 565 in

475 586 649 631 Cretam
698 590 827 644 fuga;
887 603 976 633 non
1036 590 1220 634 Pteleon
1279 592 1476 635 Procrim
1526 593 1759 644 adulterat,
1807 595 1887 636 sed
1938 594 2035 648 ipse

475 660 656 702 maritus
690 663 835 701 θέλων
863 667 929 713 τῆς
956 667 1153 714 γυναικὸς
1181 666 1506 717 ἀποπειρᾶσθαι
1534 667 1697 718 ἔρχεται
1716 668 1773 712 εἰς
1791 665 2038 718 ἀποδημίαν

473 735 541 772 ἐπὶ
583 734 650 785 ἔτη
684 736 786 772 ὀκτὼ
819 736 1068 774 καταλιπὼν
1100 737 1230 786 αὐτὴν
1263 737 1319 774 ἔτι
1354 738 1523 788 νύμφην
1557 739 1702 776 οὖσαν.
1738 738 1881 776 ἔπειτα
1913 752 2037 776 κατα-

471 807 688 855 κοσμήσεις
729 809 797 843 καὶ
842 805 1049 857 (ἓλλοειὸῆ
1091 807 1241 845 ἑαυτὸν
1282 809 1464 857 ποιήσας
1500 808 1663 860 ἔρχεται
1699 810 1756 854 εἰς
1789 811 1860 858 τὴν
1894 810 2035 846 οἰκίαν

473 876 583 927 ἔχων
623 877 785 926 κόσμον
826 881 897 915 καὶ
929 877 1071 916 πείθει
1105 880 1176 927 τὴν
1208 877 1400 931 Πρόκριν
1435 877 1644 927 δέξασθαι
1677 882 1795 918 τοῦτο
1828 883 1899 917 καὶ
1933 892 2037 929 συμ-

470 951 647 997 μιγῆναι
691 948 814 998 αὐιῷ.
860 945 1105 1000 Postquam
1150 944 1382 1001 Cephalus
1427 948 1606 999 detexit,
1648 948 1751 1002 quis
1784 948 1854 998 sit,
1889 949 2036 990 tamen

474 1027 574 1058 cum
618 1028 755 1058 uxore
796 1016 839 1058 in
877 1017 1062 1071 gratiam
1099 1017 1211 1060 redit
1245 1020 1286 1060 et
1322 1019 1515 1061 venandi
1551 1030 1689 1061 causa
1723 1019 2037 1072 proficiscitur.

473 1086 607 1137 Quod
641 1098 741 1129 cum
777 1087 977 1130 crebrius
1010 1088 1188 1139 faceret,
1223 1090 1348 1131 uxori
1383 1090 1587 1144 suspicio
1623 1090 1833 1140 nascitur,
1864 1100 1918 1131 ne
1937 1101 2038 1131 cum

473 1158 561 1199 alia
595 1158 778 1200 muliere
807 1161 1089 1201 consuescat.
1120 1158 1295 1202 Deinde
1325 1163 1535 1211 narratur,
1556 1161 1788 1214 quomodo
1809 1158 2039 1214 Cephalus

474 1240 657 1271 uxorem
692 1240 818 1271 suam
852 1229 1077 1284 zelotypia
1109 1230 1395 1273 sollicitatam
1431 1231 1578 1273 iaculo
1613 1232 1779 1273 invitus
1808 1231 2041 1273 interficiat

475 1302 608 1354 atque
642 1300 833 1354 sepeliat
864 1303 1108 1349 πολυτελῶς
1139 1306 1532 1354 μεταπειιιψάμενος
1564 1307 1634 1343 τὸν
1668 1302 1892 1356 Ἐρεχθέα.

536 1371 665 1414 Unde
713 1372 822 1414 haec
871 1372 1019 1414 versio
1067 1372 1289 1414 recentior
1336 1373 1537 1427 quidem,
1587 1373 1668 1415 sed
1713 1375 1755 1415 et
1798 1373 1897 1427 ipsa
1930 1372 2039 1415 satis

474 1444 662 1493 vetusta,
708 1443 976 1496 provenerit,
1022 1443 1251 1485 nescimus
1296 1455 1444 1498 neque
1485 1443 1617 1486 facile
1668 1444 1850 1492 dixeris,
1899 1445 2038 1485 utram

476 1513 730 1568 Sophocles
789 1514 832 1555 in
890 1513 1077 1555 formam
1137 1515 1354 1569 tragicam
1416 1515 1650 1570 redegerit.
1711 1515 1807 1557 Hoc
1856 1514 2039 1569 quidem

474 1582 770 1638 Welcker01)
815 1584 1156 1627 concedendum
1206 1587 1288 1635 est,
1339 1597 1392 1628 ex
1441 1587 1523 1628 hac
1574 1585 1846 1640 Pherecydis
1887 1585 2041 1627 fabula

476 1656 614 1698 multo
657 1655 836 1698 facilius
879 1656 1156 1710 tragoediam
1201 1657 1366 1698 exstrui
1413 1668 1566 1710 posse,
1612 1668 1746 1711 quam
1791 1668 1813 1699 e
1858 1657 2041 1700 materia

475 1728 598 1770 varia
645 1729 687 1770 et
734 1727 956 1781 dissipata
1003 1727 1272 1770 narrationis
1322 1727 1603 1782 Apollodori.
1663 1727 1746 1770 Vix
1793 1728 1910 1770 enim
1960 1727 2039 1769 tibi

474 1799 631 1853 fingas,
677 1799 908 1852 quomodo
954 1809 1019 1849 ea,
1063 1809 1178 1850 quae
1223 1799 1265 1840 in
1308 1798 1453 1841 Attica
1485 1798 1766 1854 gerebantur,
1801 1811 1901 1841 cum
1936 1797 2039 1841 Pro-

476 1870 612 1912 cridis
672 1869 793 1924 apud
852 1869 1052 1912 Minoem
1103 1870 1457 1912 commoratione
1508 1872 1549 1912 et
1597 1882 1697 1912 cum
1747 1870 1872 1912 canis
1921 1869 2042 1912 illius

476 1941 662 1983 historia
696 1941 739 1982 in
775 1940 934 1982 eodem
969 1940 1167 1983 dramate
1203 1941 1417 1996 coniungi
1455 1941 1681 1995 potuerint
1719 1943 1760 1983 et
1808 1941 2040 1995 quomodo

476 2013 586 2055 haec
636 2012 787 2054 omnia
835 2012 968 2054 unius
1017 2012 1229 2054 dramatis
1273 2014 1581 2067 argumentum
1629 2015 1894 2066 perpetuum
1939 2011 2040 2054 effe-

477 2083 629 2126 cerint.

536 2152 769 2208 Siquidem
813 2154 934 2208 apud
978 2153 1280 2208 Pherecydem
1317 2165 1368 2196 ea
1401 2154 1576 2205 desunt,
1612 2154 1780 2208 quibus
1814 2165 1961 2208 neque
1996 2154 2039 2195 in

476 2225 674 2268 dramate
718 2225 836 2267 ullus
883 2227 949 2268 est
986 2225 1128 2275 locus,
1161 2225 1351 2268 fortasse
1386 2226 1593 2268 conicere
1628 2225 1731 2268 licet
1764 2223 2038 2280 Sophoclem

477 2297 591 2338 hanc
622 2296 877 2338 versionem
912 2297 1199 2351 potissimum
1243 2297 1286 2339 in
1325 2308 1456 2339 usum
1491 2297 1770 2339 convertisse
1806 2298 1847 2338 et
1879 2296 1923 2337 in
1957 2297 2039 2338 tra-

476 2367 684 2422 goediam
745 2367 1146 2422 transfiguravisse‚
1204 2379 1305 2410 eum
1360 2368 1506 2423 igitur,
1556 2368 1671 2410 sicut
1720 2366 2038 2421 Pherecydem,

477 2437 721 2481 Pteleontis
754 2438 1021 2481 adulterium
1056 2441 1097 2482 et
1130 2437 1570 2493 Cephali·iudicium
1605 2438 1885 2493 neglexisse;
1920 2437 2039 2480 unde

476 2509 655 2551 facilius
684 2509 880 2565 intellegi
908 2512 1065 2564 posset
1093 2511 1204 2552 haec
1232 2510 1412 2552 fabulae
1432 2510 1652 2552 elementa
1670 2509 1790 2563 apud
1810 2507 2038 2558 Ovidium,

477 2579 750 2622 Antoninum
796 2580 1057 2632 Liberalem,
1112 2581 1226 2623 alios
1274 2592 1455 2630 omnes,
1506 2581 1582 2634 qui
1634 2581 1794 2633 postea
1840 2578 2038 2621 fabulam

522 2730 552 2769 l)
576 2729 632 2762 Gr.
656 2730 758 2770 Trag.
783 2730 793 2761 1
816 2730 886 2762 388.

477 2834 534 2875 42
