2174 3374
1018 1004 1318 1058 CAPUT
1377 1005 1464 1056 IV.

911 1258 982 1301 De
1017 1257 1275 1312 Euripidis
1308 1256 1583 1309 ‚,Theseo''.

524 1390 650 1442 Quae
695 1402 717 1432 e
762 1390 964 1432 secundo
1009 1389 1214 1444 trilogiae
1258 1389 1469 1440 dramate,
1504 1401 1527 1431 e
1568 1386 1819 1440 ‚,Theseo''‚
1852 1388 2029 1431 fortuna

465 1462 661 1503 crudelis
704 1461 839 1503 nobis
883 1461 1090 1511 servavit,
1130 1462 1218 1502 tam
1258 1462 1361 1502 sunt
1394 1471 1540 1514 pauca
1574 1462 1615 1502 et
1647 1460 1803 1510 futilia,
1838 1462 1883 1502 ut
1917 1459 2025 1502 nihil

463 1533 554 1575 iere
603 1532 687 1574 nisi
739 1533 918 1586 poetam
969 1532 1119 1586 egisse
1164 1531 1219 1573 de
1265 1531 1535 1582 Minotauro,
1580 1531 1623 1572 in
1657 1529 1789 1574 Creta
1823 1530 1970 1573 insula
2003 1542 2028 1572 a

464 1604 644 1646 Theseo
690 1603 934 1651 interfecto,
981 1603 1135 1657 aliqua
1178 1603 1409 1645 verisimili
1457 1603 1627 1644 ratione
1673 1614 1726 1644 ex
1769 1602 1824 1645 iis
1874 1601 2026 1657 colligi

466 1675 624 1730 possit.

523 1745 648 1796 Quas
691 1745 905 1799 reliquias
948 1744 1194 1787 vilissimas
1238 1745 1368 1787 etiam
1399 1745 1598 1786 minuere
1632 1744 1801 1787 studuit
1833 1744 2027 1786 virorum

465 1817 699 1859 doctorum
729 1828 847 1867 cura,
877 1816 996 1858 haud
1026 1817 1122 1858 scio
1152 1827 1206 1857 an
1237 1816 1411 1857 iniuria.
1434 1814 1624 1857 Auctore
1645 1816 1761 1857 enim
1782 1815 2027 1857 Fritzschio

464 1900 504 1930 v.
539 1888 579 1930 d.
615 1886 763 1930 Sande
797 1887 1082 1941 Bakhuyzen,
1105 1883 1138 1940 l)
1182 1899 1222 1928 v.
1257 1883 1628 1937 Wila1nowitz‚²)
1673 1899 1713 1928 v.
1750 1886 1969 1928 Leeuwen
1989 1883 2026 1937 3)

464 1960 577 2001 inter
618 1970 666 2001 se
711 1958 1069 2008 coniuraverunt,
1114 1959 1159 1999 ut
1201 1957 1250 1999 fr.
1284 1957 1369 2000 383
1414 1959 1456 1999 et
1487 1958 1574 2000 384
1617 1957 1720 1999 hinc
1754 1956 2029 2011 expellerent

464 2032 505 2072 et
553 2029 609 2072 ad
658 2029 790 2072 aliam
840 2029 1118 2084 tragoediam
1161 2028 1434 2083 delegarent.
1477 2028 1603 2070 Talis
1647 2029 2028 2082 quattuorviratus

463 2101 714 2143 auctoritati
758 2100 899 2142 obniti
939 2100 1036 2142 sine
1071 2100 1211 2141 dubio
1246 2100 1413 2141 irritum
1448 2110 1755 2154 arrogansque
1789 2098 2027 2150 videbitur,

465 2172 545 2215 sed
579 2174 727 2214 tamen
762 2171 1001 2225 scrupulos
1036 2182 1162 2213 meos
1198 2170 1395 2225 proferre
1428 2171 1641 2213 conabor.

525 2244 749 2298 Leguntur
782 2243 825 2284 in
858 2242 1175 2296 Aristophanis
1210 2241 1345 2286 Ranis
1379 2242 1422 2283 hi
1457 2253 1615 2284 versus
1649 2242 1754 2294 (470
1772 2241 1922 2296 sqq.):

702 2319 793 2354 τοία
825 2315 985 2366 Στυγός
1018 2329 1064 2353 σε
1094 2314 1433 2365 μελανοκάρδιος
1465 2316 1594 2368 πέτρα

692 2382 955 2439 Ἀχερόντιός
987 2401 1027 2425 τε
1060 2387 1267 2432 σκόπελος
1300 2389 1611 2437 αἱματοσταγὴς

703 2462 951 2511 φρουροῦσι,
985 2456 1188 2496 Κωκυτοῦ
1223 2472 1262 2495 τε
1293 2455 1542 2510 περίδρομοι
1574 2459 1706 2506 κύνες,

683 2528 867 2581 ”Εχιὸνά
899 2525 944 2567 θ’
964 2528 1313 2579 ἑκατογκέφαλος,
1348 2531 1372 2578 ἣ
1405 2530 1454 2565 τὰ
1487 2529 1716 2580 σπλάγχνα
1751 2542 1827 2566 σου

511 2647 541 2686 l)
565 2647 615 2679 De
640 2647 784 2687 parodia
807 2647 840 2678 in
866 2646 1074 2679 Comoediis
1097 2646 1342 2686 Aristophanis
1367 2655 1398 2686 p.
1425 2647 1477 2678 141
1495 2654 1571 2686 scm.

508 2700 541 2739 2)
564 2700 730 2732 Analecta
754 2700 942 2740 Euripidea
966 2709 998 2739 p.
1025 2701 1092 2732 172.

508 2753 542 2792 3)
565 2754 666 2786 Arist.
689 2753 770 2788 Ran.
795 2754 838 2785 ad
863 2762 914 2785 vs.
936 2754 997 2785 464
1010 2762 1087 2793 sqq.

470 2858 525 2900 72
