2174 3374
161 518 484 561 Androtionem
520 520 561 560 et
594 517 843 560 Demonem
879 519 920 560 et
952 516 1282 565 Philochorum,
1330 517 1404 571 qui
1441 517 1595 559 eadem
1632 516 1721 558 tere

162 589 304 630 aetate
337 589 552 631 vixerunt.

221 656 294 701 Sic
329 671 365 701 e.
400 671 440 714 g.
473 658 722 701 Androtion
757 660 975 714 originem
1013 657 1170 701 Cadmi
1206 659 1418 701 comitum
1454 670 1476 700 e
1510 658 1722 701 draconis

162 729 374 773 dentibus
407 730 620 772 infitiatus
655 741 734 772 eos
767 734 976 784 σπαρτοὺς
1009 729 1263 784 appellatos
1297 741 1396 772 esse
1431 730 1539 771 dicit
1581 730 1650 769 διὰ
1678 734 1721 769 τὸ

163 806 366 853 συμμιγὲς
407 807 477 841 καὶι
521 802 739 854 σποράδην
772 805 893 841 εἶναι.
940 799 1029 843 Sed
1063 800 1268 842 Thebani
1304 824 1354 828 ---
1393 801 1458 842 Sic
1492 800 1636 854 pergit
1671 823 1722 827 —-

162 876 212 911 τὰ
244 878 338 925 περὶ
372 875 509 912 αὐτῶν
542 872 708 921 ψευδῶς
741 874 1097 925 ἐτερατοὺργῃσαν
1141 868 1344 924 (Androi.
1388 871 1438 913 fr.
1472 871 1528 912 28
1562 872 1602 912 Εἴ
1635 870 1722 921 29).

220 941 441 984 Demonis
489 944 530 984 et
577 940 834 983 Philochori
885 942 1190 995 interpretatio
1240 942 1515 996 pragmatica
1558 940 1722 983 Thesei

162 1012 318 1052 contra
358 1009 661 1052 Minotaurum
707 1009 1014 1064 expeditionis
1059 1011 1163 1051 nota
1207 1007 1362 1062 est¹);
1406 1009 1541 1052 simili
1588 1011 1723 1052 modo

163 1079 462 1123 Philochorus
510 1080 781 1135 persuadere
826 1080 960 1121 nobis
1004 1080 1167 1129 studet,
1204 1077 1453 1134 Cecropem
1488 1081 1722 1123 biformem

161 1151 379 1206 appellari
414 1153 597 1205 propter
630 1151 852 1206 insignem
888 1151 1092 1205 corporis
1127 1151 1479 1205 magnitudinem
1510 1154 1583 1194 aut
1602 1152 1724 1206 quod

162 1222 275 1264 duas
309 1222 500 1277 linguas,
535 1222 706 1276 quippe
741 1234 794 1264 ex
826 1221 1031 1276 Aegypto
1066 1222 1297 1272 oriundus,
1337 1223 1542 1277 cognitas
1587 1222 1725 1265 habe-

164 1292 239 1334 bat
272 1292 339 1344 (tr.
379 1290 464 1346 10).

223 1363 388 1406 Eadem
423 1364 593 1405 ratione
628 1374 738 1406 usus
768 1375 821 1405 ex
849 1363 1115 1417 Triptolemi
1146 1365 1352 1417 serpente
1373 1364 1542 1406 volucri
1564 1375 1723 1406 navem

162 1435 386 1489 serpentis
418 1434 572 1488 specie
607 1434 853 1488 praeditam
888 1434 1035 1476 facere
1070 1438 1256 1476 conatur
1289 1432 1358 1487 (fr.
1393 1432 1477 1489 28).
1514 1435 1565 1477 Et
1598 1435 1725 1488 plura

163 1505 367 1547 eiusdem
401 1504 592 1547 tarinae!
628 1502 737 1558 (vid.
771 1504 819 1546 fr.
859 1505 923 1553 18,
963 1505 1028 1555 19,
1063 1504 1152 1555 46).

222 1573 296 1618 Sic
345 1576 506 1625 evenit,
556 1578 602 1617 ut
651 1575 889 1629 Euripides
933 1578 974 1617 et
1017 1574 1362 1630 Atthidographi
1409 1576 1539 1617 etiam
1583 1577 1625 1618 in
1670 1577 1725 1619 iis

165 1646 327 1700 mythis
361 1646 605 1697 tradendis,
641 1647 716 1700 qui
753 1645 1029 1689 Athenarum
1064 1645 1225 1688 famam
1272 1646 1546 1700 profitentur,
1589 1658 1726 1701 saepe

126 1733 131 1741 ’
164 1729 253 1759 ηοη
287 1718 584 1759 consentiant.

114 1835 115 1841 χ
222 1788 296 1830 Me
340 1788 382 1830 in
427 1790 679 1842 mythorum
726 1788 930 1842 vestigiis
976 1788 1180 1842 legendis
1215 1800 1304 1829 non
1339 1788 1485 1830 solum
1519 1787 1725 1830 Atthido-

116 1884 120 1904 =,
161 1859 374 1914 graphos,
408 1860 488 1902 sed
524 1859 656 1902 etiam
691 1859 806 1901 alios
839 1861 1059 1909 auctores,
1090 1861 1262 1913 poetas,
1293 1861 1505 1909 oratores,
1535 1859 1726 1901 artifices

122 1930 356 1972 ¹».consili0
405 1930 670 1972 adhibuisse
719 1933 880 1984 sponte
931 1930 1224 1985 intellegitur;
1268 1929 1724 1984 Atthidographorum

92 2042 93 2047 ,
130 2035 131 2038 ,
164 2003 309 2043 tamen
340 2001 442 2043 ideo
472 2013 576 2055 prae
605 2002 765 2043 ceteris
794 2001 1010 2043 rationem
1042 2001 1194 2052 habui,
1215 2001 1337 2054 quod
1357 2001 1412 2042 iis
1431 2012 1518 2042 non
1541 2000 1726 2054 perinde

132 2060 215 2128 iac
263 2071 364 2114 aliis
411 2071 671 2114 auctoribus
721 2072 859 2113 libere
910 2072 1091 2126 ingenio
1142 2071 1373 2126 indulgere
1423 2070 1602 2120 licebat,
1645 2070 1725 2112 sed

93 2194 94 2199 ¹
164 2141 430 2196 plerumque
472 2154 759 2184 communem
805 2143 902 2184 aevi
944 2143 1013 2184 sui
1049 2142 1311 2196 opinionem
1346 2142 1401 2183 de
1436 2141 1599 2195 mythis
1634 2141 1726 2194 epi-

92 2204 94 2216 '
142 2213 333 2264 [choriis
365 2213 619 2256 reddidisse
655 2213 942 2255 existimandi
977 2215 1094 2255 sunt.

223 2354 374 2408 ltaque
423 2355 467 2396 in
510 2355 595 2396 hoc
640 2355 864 2409 opusculo
908 2354 1089 2396 tractavi
1133 2354 1310 2396 fabulas
1355 2365 1469 2407 quae
1505 2354 1726 2408 pertinent

165 2425 221 2468 ad
269 2426 386 2468 duos
435 2425 596 2467 heroas
643 2424 828 2475 Atticos,
878 2425 1261 2467 Erechtheum
1306 2424 1641 2477 ‹xErechthidas)
1687 2426 1727 2465 ct

165 2495 474 2546 Theseum,
509 2507 699 2550 quorum
744 2499 929 2550 uterque
964 2495 1304 2538 Atheniensium
1340 2496 1516 2541 animos
1549 2506 1728 2548 semper

164 2566 220 2608 ad
269 2577 318 2609 se
367 2567 586 2609 convertit
633 2567 926 2620 omniumque
976 2567 1275 2621 cogitationes
1319 2566 1573 2619 occupavit,
1618 2565 1727 2607 alter

210 2717 239 2756 1)
263 2717 338 2749 Vid.
362 2717 449 2749 intra
473 2725 547 2757 cap.
572 2717 607 2749 V.

1675 2819 1718 2859 ll
