2174 3374
158 504 234 560 pla
266 505 309 547 in
343 505 574 560 tragoedia
607 506 780 548 exstare
810 504 992 546 minime
1021 504 1193 558 ignoro,
1213 507 1376 547 temere
1396 516 1530 546 unum
1551 504 1714 548 addere

160 575 314 618 nolim.

219 644 383 689 Omnia
417 646 526 689 haec
560 647 822 701 argumenta
856 645 1060 688 sufficere
1096 645 1201 687 mihi
1236 646 1442 689 videntur
1470 646 1525 688 ad
1544 646 1712 700 Mayeri

143 717 419 779 *opinionem
461 717 750 760 refellendam
794 719 836 759 et
868 717 924 759 ad
958 717 1355 759 demonstrandum
1391 717 1498 758 nihil
1533 718 1715 759 omnino

160 787 363 839 obstare,
408 788 650 842 quominus
694 799 924 831 sumamus
969 787 1193 829 Theseum
1240 788 1282 829 in
1317 788 1492 842 trilogia
1527 789 1714 842 primum

159 857 397 901 Ariadnam
433 870 456 901 e
490 856 621 902 Creta
653 858 914 909 abduxisse,
957 858 1038 900 sed
1083 860 1321 912 postquam
1358 857 1586 912 Dionysus
1620 869 1715 900 eam

160 929 204 971 in
236 928 364 971 Naxo
394 929 541 972 insula
570 929 807 984 rapuisset,
836 929 982 972 solum
1010 927 1206 971 Athenas
1225 929 1421 979 venisse,
1441 940 1540 970 eum
1561 930 1718 982 postea

160 1002 306 1043 autem
350 999 617 1055 (Hippolyto
653 1000 826 1042 interim
860 1012 914 1043 ex
946 999 1170 1042 Amazone
1205 998 1437 1053 suscepto)
1473 997 1717 1041 Phaedram

160 1082 185 1114 a
217 1069 496 1114 Deucalione
529 1071 659 1114 fratre
693 1072 790 1114 eius
824 1071 867 1113 in
902 1071 1230 1113 matrimonium
1265 1070 1512 1124 accepisse.

218 1141 412 1184 Ariadna
446 1141 577 1196 igitur
610 1142 653 1183 in
687 1142 918 1197 tragoedia
952 1144 1104 1184 nostra
1138 1152 1376 1195 personam
1413 1151 1542 1195 agere
1576 1140 1720 1194 potuit

159 1236 217 1241 ——
251 1213 386 1254 immo
420 1212 587 1255 debuit.
621 1213 733 1255 Nam
767 1213 876 1267 quid
911 1212 1107 1266 denique
1142 1213 1288 1263 restat,
1316 1210 1720 1253 Ariadnaefabula

162 1283 387 1339 expulsa?
430 1283 549 1326 Nihil
595 1286 711 1327 certe
755 1283 878 1338 quod
921 1283 1012 1326 ullo
1058 1283 1194 1325 modo
1238 1282 1511 1337 tragoediam
1546 1281 1719 1324 efficere

162 1355 319 1409 potuit.

219 1425 377 1480 Neque
422 1426 539 1467 enim
583 1425 748 1468 Thesei
794 1425 875 1468 iter
918 1424 1251 1474 submarinum‚
1295 1435 1439 1478 neque
1478 1423 1718 1465 Minotauri

162 1496 326 1539 caedes
374 1507 453 1551 per
493 1507 541 1538 se
585 1496 719 1539 ullam
753 1496 919 1539 habent
951 1496 1039 1538 vim
1074 1496 1300 1550 tragicam,
1335 1506 1468 1549 quam
1500 1493 1720 1536 Ariadnae

162 1567 341 1610 demum
360 1566 585 1609 conflictio
615 1567 726 1610 inter
745 1567 954 1621 pietatem
975 1568 1016 1608 et
1034 1566 1291 1620 cupidinem
1312 1576 1545 1620 procreare
1564 1564 1720 1618 potuit.

161 1636 353 1680 Alterius
382 1638 514 1680 huius
542 1638 731 1680 Medeae
762 1649 928 1687 amore,
958 1637 1092 1679 animi
1114 1637 1369 1687 luctatione,
1389 1636 1521 1690 culpa
1539 1635 1722 1677 omissis

163 1708 284 1751 nuda
325 1710 494 1751 tantum
537 1708 787 1751 facinorum
831 1708 1010 1751 fortium
1045 1708 1335 1758 enumeratio,
1371 1719 1458 1749 non
1493 1706 1723 1761 tragoedia

163 1779 440 1834 relinquitur.

221 1849 275 1892 At
316 1850 353 1893 si
397 1849 617 1894 Ariadnae
662 1851 705 1892 in
745 1850 942 1893 dramate
977 1850 1124 1892 locum
1160 1850 1466 1899 concedimus,
1501 1847 1632 1890 simul
1667 1871 1720 1875 ——

164 1922 210 1963 ut
253 1921 338 1963 iam
383 1921 474 1964 dixi
511 1946 564 1950 —
600 1933 811 1965 coronam
847 1922 949 1963 inde
984 1921 1265 1975 expellimus.
1310 1919 1594 1972 Bacchylidis
1626 1930 1722 1960 car-

164 1991 298 2034 minis
331 1994 640 2047 argumentum
671 2004 776 2048 ergo
805 1992 1043 2046 Euripides
1067 1992 1109 2033 in
1130 1991 1403 2046 tragoediam
1425 2002 1512 2032 non
1532 1989 1721 2043 recepit3

165 2073 255 2103 non
283 2061 478 2117 Neptuni
508 2063 644 2114 dono,
680 2063 760 2106 sed
794 2062 1016 2105 Ariadnae
1050 2074 1137 2116 ope
1172 2061 1377 2103 Theseus
1411 2072 1433 2102 e
1469 2059 1722 2113 labyrintho

164 2142 212 2174 se
247 2133 488 2187 expedivit.

223 2272 381 2327 Neque
440 2274 570 2329 igitur
628 2274 811 2316 multum
871 2274 1017 2316 tribuo
1073 2274 1356 2316 coniecturae
1405 2272 1598 2323 Roberti,
1647 2273 1721 2326 qui

164 2342 357 2386 breviter
403 2345 554 2387 statuit
574 2342 603 2395 l)
653 2347 740 2387 tres
784 2345 882 2387 illas
926 2345 1182 2399 optationes
1201 2342 1233 2396 ²)
1274 2345 1316 2386 in
1360 2344 1540 2386 Theseo
1572 2343 1724 2385 fabula

165 2424 360 2456 coronae
404 2415 501 2457 vice
544 2414 721 2458 functas
765 2427 894 2458 esse:
937 2416 1050 2466 „den
1086 2415 1228 2457 Kranz
1262 2415 1428 2457 konnte
1462 2425 1507 2456 er
1539 2411 1724 2467 (Eurip.)

90 2536 104 2546 ¹
165 2483 288 2526 nicht
334 2485 619 2535 verwenden‚
669 2486 726 2528 da
774 2487 845 2528 bei
896 2487 985 2527 ihm
1034 2497 1089 2528 an
1138 2486 1301 2528 dessen
1346 2483 1481 2527 Stelle
1524 2484 1596 2526 die
1630 2483 1722 2526 drei

211 2657 240 2697 l)
262 2657 283 2689 l.
307 2657 326 2690 l.
350 2666 382 2697 p.
408 2658 475 2690 133.

207 2710 241 2749 2)
265 2710 342 2742 Eur.
368 2710 468 2750 Hipp.
492 2711 541 2742 46,

1669 2815 1725 2857 83
