2174 3374
459 501 600 555 patria
619 500 746 542 morti
780 510 828 542 se
862 498 1082 541 obtulisse
1116 497 1333 540 dicantur.
1365 495 1628 539 Welckerus
1661 496 1746 538 hoc
1781 495 2021 537 discrimen

461 573 573 614 inter
620 570 879 624 Euripidem
929 571 971 611 et
1013 568 1354 610 Phanodemum
1400 567 1555 609 tollere
1591 568 1790 615 conatur,
1822 567 2023 608 statuens

461 642 800 684 Phanodemum
844 640 916 682 hic
960 641 1128 681 tantum
1167 638 1290 692 loqui
1327 639 1381 680 de
1416 637 1594 679 duabus
1627 637 1872 687 sororibus,
1907 647 2022 690 quae

461 714 672 767 sponte
717 722 765 753 se
809 710 1138 760 interfecerunt,
1182 708 1455 751 mentionem
1500 710 1647 750 autem
1691 707 1859 757 tertiae,
1907 718 2023 761 quae

462 784 643 826 invita
686 782 916 824 immolata
959 784 1038 831 est,
1083 791 1191 822 casu
1236 779 1434 834 quodam
1480 791 1502 821 e
1545 781 1664 821 textu
1699 778 1938 820 excidisse.
1971 776 2025 820 At

460 854 625 897 verba:
667 854 817 894 δοῦναι
862 856 1012 900 ἑαυτὰς
1055 857 1270 904 σφαγῆναι
1315 850 1403 892 dici
1449 861 1537 892 non
1582 850 1822 903 potuerunt
1854 848 1909 891 de
1943 859 2025 891 sua

462 937 595 967 manu
644 926 829 966 mortem
879 923 965 966 sibi
1016 921 1407 965 consciscentibus
1450 932 1597 974 neque
1639 924 1745 974 ὑπὲρ
1787 926 1854 972 τῆς
1887 923 2026 974 χώρας

461 998 564 1051 apte
598 996 760 1038 dicitur
792 995 847 1037 de
881 995 950 1045 iis,
985 1004 1100 1048 quae
1135 1004 1224 1035 non
1258 1004 1339 1046 pro
1375 991 1532 1046 patria,
1569 991 1649 1033 sed
1684 990 1852 1033 sororis
1885 990 2026 1044 gratia

462 1069 662 1109 mortuae
696 1068 812 1108 sunt.

522 1137 618 1180 Hoc
651 1136 788 1179 modo
822 1136 955 1190 igitur
988 1134 1237 1177 difficultati
1285 1133 1451 1176 mederi
1493 1144 1582 1174 non
1627 1142 1887 1186 possumus.
1937 1129 2026 1174 Sed

463 1208 673 1263 quisquis
720 1207 909 1248 filiarum
960 1206 1144 1247 nomina
1194 1204 1329 1259 paulo
1379 1203 1632 1246 accuratius
1674 1204 1862 1257 spectat,
1895 1201 2027 1244 facile

461 1278 804 1333 Atthidographi
834 1276 1075 1319 consilium
1105 1275 1285 1329 detegit.
1316 1273 1493 1317 Studuit
1522 1274 1639 1316 enirn
1660 1273 2026 1315 Erechthidarum

462 1350 551 1392 fata
593 1349 761 1391 fabulis
802 1347 983 1390 aliunde
1028 1347 1147 1388 notis
1191 1345 1550 1387 accommodare.
1596 1342 1683 1387 Sex
1716 1343 2027 1386 tantummodo

461 1421 579 1463 tiliae
600 1421 638 1463 ei
659 1422 791 1462 notae
811 1421 946 1461 erant.
982 1417 1014 1459 E
1034 1417 1201 1471 quibus
1220 1414 1469 1470 Orithyiam
1504 1427 1529 1458 a
1557 1414 1700 1457 Borea
1729 1416 1898 1468 raptam
1927 1425 2028 1456 esse

464 1503 596 1535 nemo
641 1490 890 1546 ignorabat,
935 1500 1083 1542 neque
1122 1499 1211 1542 qua
1243 1487 1422 1529 fortuna
1454 1485 1644 1536 Procris,
1679 1483 1869 1540 Cephali
1904 1496 2028 1535 uxor,

464 1574 545 1606 usa
593 1564 725 1611 esset,
774 1573 873 1604 eum
924 1560 1101 1602 latebat.
1152 1557 1337 1608 Creusa,
1388 1558 1506 1600 lonis
1556 1559 1705 1608 mater,
1760 1556 2028 1606 lonidarum,

465 1632 704 1683 Chthonia,
724 1631 863 1674 Butae
883 1642 1006 1679 uxor,
1029 1628 1062 1682 1)
1099 1629 1476 1672 Eteobutadarum
1497 1639 1640 1684 genus
1660 1639 1760 1670 cum
1781 1627 2029 1670 Erechtheo

464 1703 776 1747 conectebant.
814 1702 1058 1747 Restabant
1091 1713 1198 1756 ergo
1233 1700 1413 1742 nonnisi
1450 1698 1721 1754 Protogenia
1750 1701 1791 1741 et
1808 1697 2029 1748 Pandora,

465 1787 580 1830 quae
615 1777 776 1829 utpote*
803 1774 1018 1827 innuptae
1055 1770 1303 1826 (παρθένοι)
1343 1782 1423 1825 pro
1460 1771 1601 1825 patria
1634 1770 1745 1812 mori
1780 1770 2028 1824 potuerant.

465 1847 599 1898 QUOd
635 1845 793 1888 ambae
828 1845 1037 1886 dicuntur
1069 1844 1219 1883 δοῦναι
1252 1845 1403 1891 ἑαυτὰς
1432 1848 1647 1895 σφαγῆναι
1675 1844 1780 1895 ὑπὲρ
1807 1847 1874 1893 τῆς
1889 1844 2030 1895 χώρας

466 1929 612 1972 neque
647 1917 797 1967 altera,
833 1927 947 1970 quae
982 1926 1006 1956 a
1040 1916 1163 1968 patre
1199 1913 1429 1955 immolata
1463 1915 1529 1955 est
1562 1915 1694 1966 atque
1729 1912 1879 1962 altera,
1914 1922 2030 1965 quae

466 2001 513 2032 se
558 1989 659 2043 ipsa
701 1986 935 2036 interiecit,
980 1986 1308 2035 discernuntur,
1354 1984 1510 2027 eadem
1555 1983 1917 2037 breviloquentia
1950 1985 2029 2028 est,

466 2071 600 2115 quarn
650 2059 845 2114 legimus
893 2057 1015 2111 apud
1064 2056 1325 2110 Euripidem
1375 2056 1418 2097 in
1470 2054 1654 2105 „lone’':
1719 2051 2026 2108 [Erechtheus]

465 2133 563 2184 ἔτλη
605 2134 687 2185 πρὸ
730 2133 853 2182 γαίας
896 2131 1058 2181 σφάγια
1100 2129 1344 2182 παρθένους
1385 2124 1619 2178 κτανεῖν-2)
1662 2124 1789 2177 Quae
1833 2122 2030 2168 Creusae

464 2202 603 2244 verba
650 2212 755 2255 ergo
805 2200 988 2241 minime
1038 2199 1291 2253 repugnant
1339 2197 1409 2248 iis,
1460 2208 1575 2251 quae
1623 2197 1667 2238 in
1725 2192 2031 2247 „Erechtheo”

467 2275 564 2315 acta
598 2274 734 2322 erant,
764 2273 810 2313 ut
840 2270 1002 2312 iniuria
1030 2269 1183 2312 statuit
1211 2268 1495 2311 Hermannus
1522 2265 1638 2322 <Eun
1661 2267 1750 2317 lon,
1771 2279 1813 2322 p.
1832 2263 2031 2320 XXXlll).

527 2415 590 2457 Eo
633 2426 816 2469 quoque
860 2413 1180 2456 Phanodemus
1218 2411 1274 2453 ab
1309 2410 1522 2464 Euripide
1556 2409 1714 2459 differt,
1749 2410 1871 2464 quod
1906 2420 2032 2450 exer-

469 2486 603 2528 citum
623 2485 834 2528 hostilem
855 2496 909 2527 ex
936 2483 1178 2533 Boeotia,
1200 2494 1288 2524 non
1316 2493 1370 2524 ex
1402 2481 1630 2523 Thracia
1663 2480 2032 2534 appropinquare

512 2651 542 2685 1)
565 2650 727 2690 Apollod.
753 2650 789 2681 111
815 2650 861 2686 15,
884 2650 918 2681 1:
944 2631 1123 2678 Χθονίαν
1148 2644 1221 2689 μὲν
1247 2643 1315 2677 οὖν
1341 2643 1458 2687 ἔγημε
1484 2641 1642 2685 Βούτης.

509 2704 543 2744 2)
566 2704 622 2736 vs.
647 2703 717 2735 279.

473 2807 531 2849 24
