2174 3374
150 477 323 531 aliquid
372 476 495 530 quod
543 476 703 519 frustra
751 478 1039 531 quaerebant,
1089 480 1224 520 modo
1278 479 1449 532 aliquid
1498 480 1705 522 tollentes

149 547 272 601 quod
306 546 591 600 displicebat.
637 548 962 603 Etymologiam
997 550 1068 591 hic
1103 550 1269 602 primas
1304 552 1452 603 partes
1485 550 1631 604 egisse
1666 554 1707 592 et

149 617 285 660 multa
334 617 516 659 nomina
565 629 654 659 non
705 619 790 660 iam
850 620 958 661 satis
1013 619 1236 662 intellecta
1280 620 1535 673 multosque
1584 622 1705 671 ritus,

149 699 339 742 quorum
387 699 497 730 usus
546 688 829 731 oblitteratas
877 692 982 741 erat,
1032 691 1201 744 passim
1242 692 1418 744 mythos
1451 692 1632 733 auxisse
1667 694 1706 733 ct

148 770 290 801 novas
321 758 499 801 tabulas
533 760 773 810 creavisse,
808 772 897 801 non
933 763 999 803 est
1032 761 1154 814 quod
1190 773 1409 803 moneam.

207 827 541 883 Chronologiae
586 841 723 872 causa
766 842 948 884 quoque
993 832 1111 872 haud
1156 842 1252 872 raro
1291 831 1468 874 tabulas
1503 834 1706 883 mutatas,

148 911 294 942 novos
327 900 487 942 heroas
522 900 716 942 insertos
750 912 864 950 esse,
900 912 1032 942 nemo
1068 902 1252 955 ignorat.

207 969 439 1012 Praeterea
471 972 562 1012 tota
596 971 779 1012 vivendi
814 972 924 1012 ratio
959 972 1284 1025 hominumque
1320 983 1468 1014 mores
1502 975 1542 1014 et
1581 973 1708 1014 insti-

147 1043 240 1083 tuta
284 1041 382 1083 sine
425 1041 566 1083 dubio
611 1042 788 1095 mythos
833 1042 1048 1083 inclinant
1092 1044 1226 1095 atque
1261 1043 1304 1083 in
1339 1044 1502 1084 certam
1538 1048 1707 1096 partem

149 1113 337 1166 cogunt;
371 1123 484 1166 gens
518 1112 739 1154 bellicosa
774 1113 1028 1166 studiisque
1063 1113 1309 1166 asperrima
1348 1113 1452 1155 belli
1491 1114 1708 1167 plurimos

149 1182 283 1224 habet
337 1182 499 1224 heroas
558 1183 782 1225 martiales
842 1186 882 1224 et
930 1183 1250 1237 mythologiam
1301 1184 1404 1225 belli
1455 1185 1708 1226 rumoribus

148 1255 442 1307 strepentem;
487 1254 694 1295 homines
738 1255 837 1307 paci
883 1258 924 1296 et
966 1254 1259 1308 agriculturae
1304 1256 1441 1297 dediti
1489 1256 1708 1308 imprimis

149 1324 303 1366 colunt
349 1324 460 1365 deos
508 1325 701 1366 rusticos
750 1327 791 1365 et
840 1325 1002 1366 heroas
1051 1328 1262 1379 agrestes.
1310 1325 1366 1367 Ut
1410 1326 1541 1379 igitur
1573 1325 1707 1379 vulgo

149 1394 427 1448 mythologia
467 1395 807 1447 quodammodo
851 1395 1050 1448 speciem
1085 1395 1200 1436 vitae
1235 1396 1487 1437 cotidianae
1523 1407 1627 1448 prae
1661 1407 1708 1437 se

148 1464 230 1507 fert
263 1466 305 1506 et
338 1465 569 1506 hominum
607 1476 755 1506 mores
788 1476 1013 1518 casusque
1049 1465 1296 1513 adumbrat,
1332 1466 1389 1506 ita
1418 1467 1551 1507 citum
1585 1467 1710 1507 subi-

149 1538 333 1589 tumque
377 1535 571 1577 civitatis
611 1536 845 1577 cuiusdam
892 1537 1213 1577 incrementum
1257 1537 1485 1589 totiusque
1544 1537 1708 1585 civium

148 1607 265 1648 vitae
309 1617 411 1648 acer
455 1606 651 1660 impetus
685 1609 866 1660 repente
901 1608 1126 1661 ingentem
1163 1606 1490 1648 multitudinem
1527 1608 1708 1648 heroum

150 1664 495 1730 mythorumque
539 1677 669 1730 quasi
706 1689 728 1719 e
763 1678 861 1719 solo
896 1678 1021 1731 virga
1063 1677 1238 1731 magica
1272 1689 1488 1730 percusso
1523 1689 1710 1719 evocare

151 1749 311 1802 potest.
356 1745 498 1790 Cuius
542 1748 602 1789 rei
648 1748 904 1801 exemplum
951 1748 1072 1789 nulla
1110 1748 1268 1789 civitas
1301 1760 1434 1801 quam
1468 1747 1710 1789 Athenien-

149 1818 265 1860 sium
301 1818 571 1860 luculentius
605 1818 822 1872 praebuit.

209 1888 323 1930 Tota
354 1888 445 1930 tere
475 1889 751 1943 mythologia
778 1888 1065 1931 Atheniensis
1096 1890 1206 1931 intra
1226 1890 1552 1943 quinquaginta
1570 1901 1712 1930 anno-

151 1972 246 2002 rum
280 1960 476 2014 spatium
511 1971 565 2001 ex
599 1960 684 2001 levi
719 1972 810 2013 quo
846 1961 1129 2013 premebatur
1162 1971 1322 2002 somno
1355 1961 1411 2001 aci
1440 1961 1710 2014 vegetiorem

149 2030 285 2072 vitam
320 2030 536 2072 suscitata
570 2032 649 2072 est.
675 2028 716 2083 ¹)

193 2150 224 2189 l)
257 2149 335 2189 Ipsa
368 2149 453 2182 ratio
486 2150 549 2182 fert
584 2151 688 2182 huius
722 2151 959 2190 mythologiae
983 2152 1135 2182 urbanae
1159 2151 1419 2182 renovationem
1444 2152 1474 2181 et
1496 2149 1712 2188 amplificati-

150 2210 255 2235 onem
289 2203 322 2234 in
358 2203 463 2235 attera
497 2204 607 2243 quinti
640 2204 772 2236 saeculi
798 2206 892 2243 parte
918 2205 1093 2235 maximos
1119 2203 1260 2242 quidem
1285 2210 1496 2242 progressus
1520 2202 1656 2239 fecisse,
1680 2204 1712 2233 at

151 2264 375 2297 nequaquam
399 2258 517 2290 subito
541 2259 733 2290 incessisse
759 2260 815 2290 aut
840 2259 956 2290 subito
982 2259 1143 2290 desiisse.
1186 2258 1407 2296 Quamquam
1433 2258 1517 2288 haec
1542 2257 1711 2296 mytholo-

151 2310 208 2350 gia
241 2312 364 2350 paucis
396 2311 580 2343 decenniis
613 2312 770 2343 celeriter
804 2311 963 2348 effloruit,
999 2319 1058 2350 per
1092 2311 1231 2342 saecula
1266 2310 1505 2341 antecedentia
1530 2311 1712 2348 sequentia

152 2371 293 2402 quoque
317 2365 489 2396 succrevit
513 2366 544 2396 et
568 2372 723 2397 crescere
748 2365 894 2403 perrexit
918 2365 1106 2403 plerosque
1131 2363 1260 2395 Atticae
1285 2363 1397 2394 cultus
1417 2363 1448 2394 et
1468 2371 1565 2394 sacra
1580 2363 1712 2393 sensim

152 2417 359 2449 absorbens.
383 2417 472 2449 Nam
497 2418 770 2457 synoecismum‚
794 2418 851 2456 qui
876 2417 1079 2456 appellatur,
1103 2416 1250 2448 Atticum
1279 2424 1346 2447 non
1363 2416 1476 2447 solum
1492 2415 1533 2446 ad
1554 2423 1608 2447 res
1625 2416 1713 2454 poli-

151 2469 238 2502 ticas
252 2470 549 2502 etoeconomicas
573 2471 793 2510 pertinuisse,
818 2470 879 2501 sed
905 2470 1006 2500 etiam
1031 2478 1085 2500 res
1110 2477 1228 2500 sacras
1252 2469 1473 2507 complexum
1500 2476 1588 2505 esse,
1612 2469 1713 2499 facile

153 2522 387 2562 intellegimus
418 2524 449 2555 et
472 2523 602 2562 optime
627 2524 796 2562 expressit
819 2523 1022 2554 Aristoteles
1047 2522 1161 2561 (Polit.
1188 2521 1273 2558 1319,
1301 2521 1360 2560 11),
1387 2521 1444 2559 qui
1470 2520 1659 2552 Clisthcnis
1683 2522 1714 2552 et

154 2576 301 2608 omnino
346 2575 611 2608 Atheniensium
647 2577 845 2616 exemplum
882 2579 1044 2615 spectans
1079 2576 1222 2611 monuit,
1263 2575 1305 2605 ad
1342 2574 1588 2605 democratiam
1625 2574 1712 2605 bene

154 2628 436 2660 constituendam
472 2624 515 2657 τὰ
542 2628 614 2657 τῶν
640 2624 748 2657 ἰδίων
775 2626 888 2669 ἱψρῶν
915 2625 1121 2656 συνακτέον
1147 2624 1200 2664 εἰς
1227 2622 1340 2666 ‹Miya
1369 2622 1430 2654 καὶ.
1459 2622 1579 2661 κοινά,
1615 2635 1712 2658 sacra

154 2681 285 2720 privata
309 2681 342 2712 in
371 2689 483 2721 pauca
507 2683 538 2714 et
562 2682 764 2714 communia
788 2689 866 2714 esse
891 2681 1140 2713 contrahenda.
1177 2680 1266 2711 Tota
1289 2680 1357 2711 fere
1382 2687 1559 2711 sacrorum
1586 2679 1714 2711 Attico-

1688 2781 1713 2822 3
