2174 3374
141 527 143 529 ·
177 505 231 549 At
273 518 362 548 non
406 506 551 548 solum
597 507 782 549 historia
815 506 998 561 antiqua
1032 508 1073 549 et
1106 506 1396 561 geographia,
1432 504 1513 548 sed
1548 504 1679 547 etiam

119 588 189 620 res
222 577 529 619 recentissime
562 579 686 620 actae
722 579 882 631 poetae
916 578 1115 619 animum
1149 577 1204 619 ad
1235 576 1464 619 Euboeam
1493 576 1681 618 vertisse

119 648 338 690 videntur.
381 647 541 690 lisdem
587 649 704 690 enim
740 649 915 699 diebus,
961 648 1127 702 quibus
1161 648 1310 690 Ionem
1344 647 1540 690 fabulam
1576 647 1682 689 scri-

121 719 269 769 bebat,
303 718 575 761 discordiam
607 722 649 762 et
677 720 935 762 inimicitias
965 720 1076 762 inter
1093 719 1393 762 Athenienses
1411 721 1453 761 et
1472 718 1683 761 Euboeos

119 789 259 832 fuisse
294 789 529 844 probabile
564 793 644 832 est.

181 860 293 902 Nam
337 872 437 902 cum
481 872 643 916 magna
686 862 776 903 veri
822 861 976 915 specie
1020 861 1371 903 demonstratum
1420 862 1498 910 est,
1534 859 1682 901 Ionem

121 931 318 973 fabulam
362 931 497 985 paulo
541 933 642 973 ante
674 930 990 985 Aristophanis
1024 931 1309 985 Lysistratam
1345 942 1462 973 anno
1494 931 1581 972 412
1614 930 1682 972 vel

121 1003 207 1045 413
241 1004 384 1044 actam
418 1013 531 1044 esse.
554 1000 586 1054 1)
621 1002 804 1044 Euboea
838 1002 1021 1056 quidem
1056 1004 1222 1044 aestate
1256 1002 1435 1043 demum
1466 1001 1570 1043 anni
1598 1001 1678 1042 411

122 1072 472 1128 Peloponnesiis
513 1073 833 1115 adiuvantibus
877 1073 934 1115 ab
979 1072 1165 1116 Athenis
1208 1073 1412 1123 descivit,
1457 1072 1536 1115 sed
1571 1072 1685 1113 hanc

123 1144 420 1187 calamitatem
481 1143 833 1186 Atheniensibus
882 1144 1114 1186 minimum
1175 1155 1253 1198 per
1303 1155 1468 1185 annum
1518 1144 1559 1184 et
1607 1153 1687 1184 sex

125 1226 304 1258 menses
337 1215 631 1263 imminuisse,
667 1215 931 1269 priusquam
967 1214 1183 1264 incubuit,
1218 1214 1428 1256 novimus
1472 1225 1526 1255 ex
1562 1212 1687 1254 Thu-

43 1343 60 1347 s
125 1286 285 1340 cydide
319 1285 423 1338 (VIIl
461 1285 518 1337 5),
569 1286 644 1340 qui
695 1286 826 1328 tradit
874 1285 1086 1328 Euboeos
1136 1286 1222 1327 iam
1272 1285 1375 1327 anni
1424 1285 1511 1326 412
1560 1283 1687 1325 initio

91 1353 298 1412 'legatos
345 1357 401 1399 de
449 1356 702 1399 deiectione
752 1357 808 1398 ab
857 1356 1209 1399 Atheniensibus
1257 1356 1312 1398 ad
1360 1355 1490 1410 Agin,
1539 1365 1687 1409 regem

126 1428 584 1471 Lacedaemoniorum
635 1428 829 1478 misisse,
886 1428 962 1482 qui
1014 1428 1079 1470 eis
1127 1427 1366 1481 persuasit,
1416 1428 1462 1468 ut
1510 1428 1689 1479 tempus

127 1499 270 1554 magis
303 1500 608 1554 opportunum
643 1499 968 1553 opperirentur.

185 1569 312 1621 Quae
346 1569 596 1612 simultates
629 1570 908 1624 aliquamdiu
938 1570 1225 1612 imminentes
1245 1565 1276 1619 2)
1306 1570 1484 1623 poetam
1506 1578 1689 1621 quoque

128 1641 172 1683 in
201 1640 433 1684 Erechthei
457 1640 684 1695 Xuthique
704 1641 974 1684 adversariis
992 1640 1248 1695 deligendis
1267 1651 1417 1695 regere
1437 1641 1689 1694 potuerunt.

188 1770 396 1825 Denique
443 1770 827 1826 Atthidographos
876 1771 967 1813 loni
1016 1770 1211 1815 Xuthum
1262 1771 1430 1824 patrem
1479 1768 1691 1810 tribuisse

129 1844 172 1884 et
218 1843 301 1884 hac
350 1853 533 1896 quoque
576 1843 619 1883 in
664 1854 708 1885 re
752 1842 982 1896 Euripidis
1026 1842 1242 1883 rationem
1286 1852 1375 1882 non
1420 1839 1633 1881 habuisse
1669 1850 1691 1881 e

130 1912 402 1955 Philochoro
447 1914 781 1968 cognoscimus.
823 1913 1022 1964 Quorum
1068 1913 1105 1955 si
1150 1911 1389 1954 consilium
1435 1910 1692 1964 perspicere

130 1983 354 2034 volumus,
403 1984 594 2038 primum
645 1985 725 2027 erit
773 1984 1074 2034 statuendum,
1125 1983 1227 2037 quis
1276 1984 1318 2024 et
1357 1981 1475 2023 unde
1519 1979 1693 2022 Xuthus

130 2054 204 2097 ille
238 2055 308 2098 sit.

190 2125 422 2168 Vocabula
449 2128 605 2177 ξουθός
633 2128 675 2168 et
702 2126 912 2176 ξανθός3)
933 2124 1168 2167 dialectice
1187 2121 1496 2165 tantummodo
1516 2121 1629 2164 inter
1645 2131 1693 2163 se

176 2229 206 2270 1)
228 2228 270 2261 ei.
293 2229 486 2267 Enthoven‚
510 2229 562 2262 De
587 2229 669 2262 Ione
693 2229 811 2261 tabula
835 2228 1033 2268 Euripidea,
1056 2227 1157 2259 Bonn
1184 2226 1272 2264 1880,
1295 2226 1353 2265 qui
1375 2225 1461 2257 inter
1474 2225 1540 2257 alia
1554 2232 1694 2256 summo

130 2283 203 2315 iure
236 2283 390 2314 ostendit
422 2282 695 2322 Aristophanem
730 2282 836 2313 Panis
871 2281 956 2313 illud
991 2282 1137 2317 antrum,
1172 2279 1231 2311 ubi
1266 2279 1399 2312 Creusa
1429 2286 1509 2310 curn
1533 2277 1694 2317 Apolline

131 2336 215 2368 olim
240 2337 311 2368 erat
333 2343 535 2376 congressa,
547 2338 726 2375 tamquam
751 2335 868 2366 locum
892 2333 1089 2374 Myrrhinae
1113 2335 1144 2365 et
1167 2332 1331 2365 Cinesiae
1354 2332 1536 2363 amoribus
1549 2330 1694 2370 dignum

133 2392 328 2431 eligentem,
351 2389 525 2430 respicere
550 2388 666 2421 lonem
690 2387 905 2428 tragoediam
930 2394 1040 2427 nuper
1063 2387 1174 2418 actam
1197 2385 1254 2424 (ci.
1277 2385 1332 2416 Ar.
1355 2385 1432 2425 Lys.
1454 2384 1510 2416 911
1535 2391 1563 2415 c.
1578 2384 1696 2415 annot.

133 2444 168 2476 in
192 2443 246 2476 ed.
268 2443 420 2482 Leeuw.)
443 2441 537 2480 Quid
561 2441 629 2474 sibi
652 2440 758 2473 velint
780 2441 886 2472 verba
909 2438 1167 2472 Wiiamowitzii
1190 2438 1352 2477 (Hermes
1375 2437 1472 2470 XVlll
1495 2436 1585 2476 242):
1611 2435 1696 2474 „Die

134 2495 441 2536 Kinesiasperiode
472 2496 532 2527 der
563 2494 750 2535 Lysistrata
779 2493 838 2525 aut
861 2493 919 2524 ihn
945 2501 986 2524 zu
1012 2492 1191 2529 beziehen,
1215 2491 1336 2523 richtet
1359 2490 1433 2522 sich
1459 2489 1601 2527 selbst’',
1624 2496 1695 2520 non

133 2551 295 2591 expedio.

104 2606 116 2610 ’
174 2604 208 2643 2)
231 2611 260 2635 v.
284 2603 348 2635 Ed.
372 2602 499 2642 Meyer,
523 2601 652 2634 Gesch.
677 2601 708 2632 d.
734 2600 797 2632 Alt.
823 2599 861 2631 lV
886 2607 917 2639 p.
941 2598 1011 2631 598.

175 2656 209 2696 3)
232 2656 330 2688 Multi
356 2656 503 2700 ξανθόν
525 2658 556 2687 et
580 2654 726 2698 ξουθόυ
749 2661 828 2685 cum
843 2652 1008 2685 Sanscrit.
1029 2651 1159 2690 „cand”
1175 2652 1205 2683 et
1219 2651 1288 2682 Lat.
1304 2649 1495 2688 „candere”
1509 2649 1696 2681 cohaerere

134 2709 325 2748 perhibent,
349 2716 498 2748 quorum
522 2708 645 2747 opinio
669 2707 921 2739 adiectivorum
943 2705 1200 2745 significatione
1214 2703 1412 2736 confirmari
1426 2702 1571 2734 videtur.
1584 2701 1699 2733 Ambo

1640 2809 1697 2850 47
