2174 3374
456 511 609 564 utpote
643 510 719 564 qui
753 508 922 551 Atticae
958 508 1120 551 incolis
1163 509 1381 563 originem
1425 508 1789 550 autochthoniam
1835 517 2012 561 reprae-

451 582 658 630 sentaret,
692 580 801 622 alter
837 581 1065 633 tamquam
1110 591 1185 621 rex
1227 580 1447 632 δημοτικός
1485 581 1527 621 et
1569 579 1770 620 omnium
1813 577 2013 620 dilectis-

452 652 608 701 simus,
642 663 775 705 quem
810 650 1030 704 imprimis
1062 649 1292 691 Atthidum
1326 649 1570 703 scriptores
1602 650 1828 702 tamquam
1850 658 2013 690 causae

453 722 687 776 popularis
712 721 930 763 fautorem
965 720 1194 763 ardentem
1229 730 1333 774 prae
1367 720 1528 763 ceteris
1561 719 1743 774 regibus
1770 719 1814 761 in
1843 719 2013 760 honore
2080 778 2083 779 7

453 793 715 835 habuerunt.

512 862 707 905 Primum
757 862 889 918 igitur
937 872 1051 915 quas
1100 863 1250 916 partes
1298 861 1341 902 hi
1391 861 1553 903 heroes
1601 861 1643 902 in
1687 871 1826 903 scena
1871 859 2015 902 Attica

453 934 637 989 egerint,
680 933 845 976 deinde
889 944 1004 986 quae
1048 944 1102 975 ex
1151 932 1321 974 eisdem
1355 931 1457 974 fatis
1491 932 1534 973 in
1569 931 1796 974 chronicis
1829 930 2015 973 urbanis

454 1006 553 1053 (nec
587 1016 676 1046 non
710 1002 839 1056 alibi)
873 1003 1150 1058 reperiantur
1178 1003 1564 1057 investigavimus,
1594 1002 1791 1056 denique
1821 1012 2015 1046 consen-

400 1062 403 1100 ²=
453 1086 551 1118 sum
585 1077 659 1117 aut
692 1074 933 1116 discrimen
968 1074 1080 1116 inter
1124 1075 1282 1128 poetas
1324 1074 1533 1116 scenicos
1567 1075 1608 1115 et
1645 1073 1888 1126 scriptores
1922 1071 2015 1114 his-

453 1146 620 1188 toricos
663 1147 855 1188 statuere
894 1146 935 1187 et
966 1168 1023 1172 -—
1057 1146 1271 1198 quantum
1311 1146 1484 1199 poterat
1520 1167 1569 1172 —-
1605 1143 1831 1198 explicare
1865 1142 2013 1184 conati

453 1224 622 1264 sumus,
652 1215 886 1268 sperantes
914 1212 1114 1254 laborem
1145 1214 1345 1254 nostrum
1375 1224 1465 1254 non
1495 1212 1628 1266 plane
1654 1212 1854 1256 inutilem
1873 1212 2015 1255 fuisse

454 1285 509 1326 ad
545 1284 773 1338 Euripidis
806 1284 1005 1325 dramata
1037 1282 1181 1325 Attica
1213 1283 1447 1336 deperdita
1491 1283 1627 1337 paulo
1677 1283 1837 1325 melius
1886 1283 2015 1325 intel-

454 1355 660 1410 legenda,
703 1354 758 1396 ad
791 1353 1250 1408 Atthidographorum
1286 1354 1532 1396 sententias
1566 1355 1608 1396 et
1641 1354 1790 1396 studia
1823 1354 2017 1396 obscura

456 1426 498 1468 in
533 1425 766 1468 clariorem
801 1425 945 1467 lucem
980 1425 1295 1479 protrahenda,
1331 1426 1559 1479 postremo
1588 1425 1643 1467 ad
1663 1424 1892 1479 Euripidis
1910 1436 2016 1467 auc-

454 1497 689 1546 toritatem,
733 1507 822 1550 qua
865 1496 986 1550 apud
1031 1496 1214 1538 serioris
1262 1496 1419 1538 aetatis
1453 1497 1659 1538 auctores
1692 1507 1802 1538 usus
1834 1497 1914 1547 est,
1949 1495 2018 1537 di-

454 1567 661 1610 stinctius
694 1567 1075 1622 cognoscendam.

463 2823 514 2865 12
