2174 3374
254 534 511 590 Sequuntur
530 537 737 580 undecim
756 550 912 581 versus
931 538 1093 581 Thesei
1114 540 1309 582 nominis
1329 540 1567 583 litterarum
1587 539 1752 583 formas

196 608 401 649 accurate
434 607 743 651 describentes
775 609 842 660 (fr.
877 609 995 661 382).
1018 607 1050 663 l)

255 677 342 720 Ubi
373 679 525 731 pastor
554 678 626 720 ille
657 678 906 722 illitteratus
936 681 1020 722 hoc
1050 692 1212 723 nomen
1243 681 1349 735 legit
1372 684 1413 723 et
1431 681 1501 723 cui
1522 681 1752 735 explicat?

254 747 368 790 Mira
395 750 462 790 est
489 749 709 790 sententia
737 748 956 792 Welckeri
978 747 1013 804 2)
1042 751 1308 793 conicientis
1334 750 1572 793 Ariadnam
1601 762 1751 793 amore

195 818 396 861 advenae
429 819 568 873 ignoti
604 819 833 861 incensam
864 822 1088 873 pastorem
1119 821 1174 862 ad
1203 832 1301 863 eum
1334 822 1525 872 misisse,
1555 822 1630 875 qui
1661 833 1750 875 quo

196 888 376 930 nomine
409 891 528 931 esset
561 889 863 944 interrogaret.
907 889 1132 932 Theseum
1167 893 1312 933 autem
1348 903 1509 933 nomen
1544 902 1673 933 suum
1708 892 1751 933 in

194 969 329 1001 arena
356 959 644 1013 inscripsisse
667 963 800 1013 atque
820 962 1045 1013 pastorem
1066 973 1182 1002 nunc
1203 962 1334 1003 huius
1351 961 1583 1016 fragmenti
1603 961 1752 1004 verbis

193 1028 414 1072 Ariadnae
448 1030 638 1083 probare
672 1041 719 1072 se
751 1029 989 1072 litterarum
1018 1030 1183 1085 figuras
1216 1031 1330 1073 bene
1359 1032 1571 1073 memoria
1590 1034 1751 1074 tenere.

195 1099 328 1151 Quod
373 1102 441 1142 est
483 1100 617 1142 nimis
661 1101 874 1154 ineptum.
920 1098 1010 1144 Cur
1053 1102 1170 1143 enim
1204 1101 1410 1144 Theseus
1443 1102 1611 1144 homini
1646 1104 1752 1145 artis

195 1171 374 1226 legendi
409 1171 505 1213 rudi
541 1182 620 1225 per
653 1171 820 1214 litteras
853 1183 1014 1214 arenae
1049 1173 1294 1226 impressas
1328 1184 1474 1227 neque
1508 1174 1609 1216 viva
1641 1185 1752 1216 voce

195 1241 492 1295 responderit,
521 1241 644 1284 nullo
675 1243 810 1284 modo
840 1243 1100 1297 explicatur.
1132 1242 1363 1286 Praeterea
1391 1244 1753 1298 verbaaquibus

194 1311 491 1366 fragmentum
527 1312 712 1367 incipit:

490 1386 569 1436 ἐγὼ
602 1387 770 1437 πέφυκα
803 1387 1062 1438 γραμμάτων
1093 1389 1173 1437 μὲν
1206 1388 1281 1425 οὐκ
1316 1386 1433 1440 ἴδρις,

487 1459 656 1509 μορφὰς
688 1454 731 1494 δὲ
764 1456 873 1505 λέξω
905 1460 976 1494 καὶ
1010 1462 1125 1507 σαφῆ
1158 1460 1368 1509 τεκμήρια.

195 1525 306 1567 haec
334 1524 471 1568 verba
497 1548 553 1553 ——
582 1525 653 1567 aio
676 1552 732 1556 ——
757 1525 853 1567 sine
873 1525 1012 1567 dubio
1032 1529 1134 1568 sunt
1153 1526 1397 1568 enarrantis
1416 1537 1463 1568 se
1482 1525 1751 1568 vocabulum

196 1595 425 1649 quoddam
471 1596 637 1638 alicubi
683 1596 828 1639 oculis
872 1597 1147 1651 percepisse,
1193 1597 1321 1639 cuius
1364 1597 1494 1651 signa
1527 1594 1755 1650 (quamvis

195 1666 374 1721 legendi
432 1669 569 1709 artem
620 1678 864 1721 numquam
913 1666 1138 1721 didicerit)
1188 1668 1230 1710 in
1275 1668 1489 1710 memoria
1531 1667 1754 1709 haereant.

196 1735 269 1780 Sic
317 1737 481 1781 Thesei
532 1750 694 1780 nomen
739 1738 795 1780 ab
842 1739 1022 1781 homine
1067 1739 1200 1792 plane
1245 1739 1441 1789 indocto,
1486 1738 1560 1792 qui
1607 1738 1753 1792 ipsum

195 1808 378 1851 heroem
412 1821 501 1851 non
535 1812 820 1860 convenerat,
855 1811 1001 1851 tamen
1037 1812 1152 1851 recte
1188 1809 1346 1851 deferri
1383 1811 1568 1863 poterat.

255 1878 342 1922 Ubi
371 1878 536 1922 Thesei
567 1891 729 1922 nomen
759 1892 784 1922 a
813 1882 991 1934 pastore
1020 1881 1305 1922 observatum
1336 1880 1597 1933 inscriptum
1623 1881 1754 1927 esset,

197 1950 319 1998 haud
349 1949 480 1993 facile
513 1951 680 1993 dixeris
713 1962 860 2004 neque
895 1951 1081 1993 multum
1118 1951 1259 1993 refert.
1297 1950 1503 1993 Fortasse
1535 1950 1577 1991 in
1612 1952 1754 1999 scut0,

194 2019 384 2063 fortasse
414 2021 457 2063 in
486 2033 612 2064 nave.
643 2021 737 2064 Hoc
767 2022 1025 2076 suspicatus
1055 2024 1121 2064 est
1150 2021 1405 2076 Hartungus
1424 2018 1471 2072 3),
1501 2020 1623 2074 quod
1653 2020 1754 2062 ideo

195 2090 372 2134 facilius
414 2093 608 2144 credam,
651 2093 770 2146 quia,
809 2093 846 2135 si
882 2096 1035 2147 pastor
1070 2104 1233 2135 nomen
1269 2093 1310 2134 in
1347 2103 1457 2134 nave
1493 2090 1753 2143 inscriptum

195 2162 366 2205 vidisse
400 2163 574 2214 dicitur,
610 2164 652 2206 in
688 2166 897 2218 promptu
932 2166 999 2206 est
1032 2164 1250 2217 suspicari
1285 2163 1368 2204 hos
1401 2172 1557 2204 versus
1587 2161 1754 2215 partem

196 2233 401 2276 effecisse
435 2233 653 2288 longioris
686 2239 856 2287 ῥήσεως,
890 2235 932 2276 in
968 2245 1057 2288 qua
1091 2236 1242 2288 pastor
1275 2236 1408 2275 totam
1443 2232 1561 2274 illam
1599 2242 1755 2273 navem

196 2303 532 2346 celeberrimam
562 2304 817 2359 descripsit,
847 2316 961 2359 quae
992 2306 1151 2358 poetae
1171 2305 1307 2346 nostri
1327 2302 1607 2358 temporibus
1626 2302 1756 2343 etiam

196 2385 436 2429 superesse
479 2375 713 2417 dicebatur
755 2378 888 2430 atque
932 2376 1176 2430 quotannis
1219 2375 1276 2417 ab
1320 2373 1669 2416 Atheniensibus
1712 2372 1755 2413 in

196 2444 358 2488 Delum
403 2446 657 2489 mittebatur
698 2458 906 2501 quaeque
951 2459 1123 2502 paucos
1167 2447 1265 2489 dies
1303 2446 1358 2488 ad
1393 2443 1590 2488 Socratis
1621 2442 1754 2484 vitam

240 2563 270 2604 1)
293 2563 512 2603 Agathonem
536 2564 568 2595 et
589 2563 829 2596 Theodectem
854 2563 958 2595 simili
983 2563 1091 2596 modo
1111 2562 1240 2595 Thesei
1262 2562 1403 2594 nomine
1417 2560 1546 2593 lusisse
1560 2560 1758 2592 Athenaeus

196 2617 322 2650 eodem
346 2617 426 2649 loco
449 2618 592 2648 enarrat.

237 2669 272 2710 2)
295 2668 353 2702 Gr.
376 2669 478 2709 Trag.
503 2669 513 2700 l
537 2677 568 2709 p.
591 2669 661 2702 735.

237 2721 271 2760 3)
294 2721 373 2755 Eur.
397 2723 476 2754 rest.
500 2723 511 2754 1
534 2730 566 2763 p.
589 2722 660 2754 548.

1699 2820 1748 2862 91
