2174 3374
153 513 356 557 Phaedra
387 514 468 556 des
487 512 663 557 Seneca
681 514 1019 569 gesehlossen.’'
1054 516 1230 559 Wilam.
1251 521 1291 560 et
1311 518 1420 563 Rob.
1441 520 1484 570 (l.
1505 520 1549 571 l.)
1579 533 1706 574 prae-

152 586 271 627 terea
313 586 429 627 recte
472 584 715 626 observant
748 588 836 627 tres
871 585 969 627 illas
1004 588 1261 640 optationes
1294 589 1519 631 vinculum
1553 589 1706 639 fuisse,

153 655 276 709 quod
310 656 398 697 tres
430 654 634 710 trilogiae
669 656 831 709 partes,
865 653 1078 710 Aegeum,
1112 657 1353 708 Theseum,
1384 658 1707 714 Hippolytuml

153 725 396 769 coniunxit.
439 724 492 767 At
535 725 571 767 si
615 737 715 767 cum
760 725 830 767 his
873 727 980 769 viris
1013 727 1158 770 doctis
1192 739 1421 771 sumamus
1455 731 1708 784 optationes

153 797 196 839 in
240 796 440 839 secunda
481 796 712 851 tragoedia
753 797 930 855 demum
967 809 991 839 a
1024 797 1202 841 Theseo
1237 802 1439 854 receptas
1472 812 1585 851 esse,
1620 813 1707 842 non

152 869 240 910 tres
281 867 362 910 sed
405 868 577 909 tantum
612 867 727 910 duae
766 869 914 922 partes
959 868 1162 923 trilogiae
1206 870 1514 924 optationibus
1547 882 1710 912 conec-

152 939 314 981 tuntur.
359 938 500 980 Multo
544 938 705 981 melius
748 940 838 980 tota
881 938 1057 993 trilogia
1091 941 1298 982 cohaeret
1330 942 1463 994 atque
1498 942 1540 982 in
1575 953 1708 983 unum

152 1019 317 1064 corpus
359 1009 642 1065 trigeminum
687 1009 916 1060 coalescit,
960 1010 996 1051 si
1042 1011 1296 1064 optationes
1341 1011 1382 1052 in
1428 1011 1570 1065 primo
1615 1012 1712 1053 dra-

153 1081 268 1122 mate
312 1080 561 1135 promissae
604 1081 707 1122 sunt
743 1082 878 1134 atque
914 1080 956 1122 in
992 1081 1194 1122 secundo
1229 1084 1270 1123 et
1302 1082 1431 1123 tertio
1465 1082 1710 1136 explentur.

152 1148 227 1194 Sic
260 1151 438 1194 demum
473 1162 632 1193 omnes
666 1150 869 1206 trilogiae
905 1154 1054 1206 partes
1090 1163 1178 1193 uno
1212 1152 1391 1194 vinculo
1426 1152 1627 1207 ligantur.

213 1291 269 1337 Ut
287 1293 343 1336 ad
362 1293 644 1348 propositum
665 1293 867 1335 redeam:
896 1292 1104 1343 Ariadna,
1126 1304 1214 1335 non
1233 1293 1469 1347 Neptunus
1489 1293 1710 1336 Theseum

152 1363 362 1407 servavit.
395 1362 497 1415 Quo
531 1363 739 1406 subsidio
773 1363 890 1406 usa‘?
919 1363 1063 1405 Huius
1091 1375 1274 1417 quoque
1305 1364 1364 1406 rei
1384 1363 1564 1406 fluctuat
1582 1364 1712 1406 fama.

213 1433 366 1477 Exstat
414 1435 531 1477 enim
581 1435 759 1489 mythus
808 1434 1086 1485 veterrimus,
1141 1446 1273 1488 quem
1309 1434 1625 1477 Eratosthenes
1658 1435 1713 1477 ab

153 1504 433 1560 Epimenide‚
490 1503 767 1549 Creticorum
828 1506 1060 1560 scriptore,
1114 1506 1281 1559 recepit
1330 1508 1462 1559 atque
1512 1505 1714 1561 Hyginus

153 1575 316 1619 deinde
335 1587 389 1619 ex
404 1575 711 1619 Eratosthenis
729 1574 1062 1620 Catasterismis
1082 1577 1319 1631 exscripsit
1339 1576 1462 1618 hisce
1481 1576 1630 1618 verbis
1650 1575 1713 1621 ¹):

156 1645 272 1699 „Sed
321 1649 367 1690 ut
413 1648 473 1690 ait
522 1648 598 1702 qui
648 1646 824 1691 Cretica
872 1648 1055 1702 scripsit
1104 1659 1195 1701 quo
1244 1649 1444 1702 tempore
1488 1646 1617 1689 Liber
1660 1646 1713 1688 ad

153 1718 310 1761 Minoa
350 1719 472 1761 venit
515 1719 720 1774 cogitans
752 1718 977 1762 Ariadnen
1013 1719 1324 1773 comprimere,
1358 1719 1471 1760 hanc
1505 1728 1715 1760 coronam

46 1810 101 1815 -—
154 1789 194 1832 ei
229 1801 309 1844 pro
343 1801 526 1832 munere
561 1790 708 1841 dedit;
755 1802 845 1844 qua
889 1789 1108 1833 delectata
1142 1801 1231 1831 non
1268 1789 1488 1831 recusavit
1519 1788 1716 1830 condici-

154 1872 300 1903 onem.
349 1860 513 1903 dicitur
561 1861 691 1904 etiam
743 1872 768 1903 a
814 1860 1015 1903 Vulcano
1064 1860 1178 1902 facta
1227 1872 1280 1902 ex
1323 1871 1430 1902 auro
1473 1861 1515 1901 et
1553 1858 1715 1900 Indicis

153 1931 366 1987 gemmis;
411 1943 491 1986 per
533 1943 647 1986 quas
691 1931 898 1975 Theseus
943 1931 1220 1975 existimatur
1264 1931 1319 1973 de
1362 1930 1558 1972 tenebris
1591 1929 1716 1983 laby-

154 2002 286 2044 rinthi
320 2002 375 2045 ad
410 2002 554 2046 lucem
587 2003 783 2054 venisse,
812 2003 935 2057 quod
965 2014 1119 2045 aurum
1150 2004 1191 2045 et
1219 2012 1420 2057 gemmae
1450 2002 1493 2043 in
1522 2000 1715 2042 obscuro

152 2072 373 2129 fulgorem
409 2073 592 2117 luminis
625 2071 925 2117 efficiebant.''

213 2144 363 2198 ltaque
396 2145 590 2188 Ariadna
623 2145 708 2188 hoc
743 2144 843 2188 loco
879 2145 1041 2187 dicitur
1074 2145 1117 2186 in
1154 2142 1285 2186 Creta
1318 2155 1343 2185 a
1377 2142 1596 2196 Dionyso,
1615 2153 1714 2184 cum

155 2215 194 2257 ei
224 2214 424 2264 nuberet,
453 2225 664 2256 coronam
692 2213 936 2268 fulgentem
968 2213 1088 2255 dono
1119 2211 1367 2265 accepisse,
1397 2222 1529 2264 quam
1560 2211 1717 2263 postea

154 2285 334 2328 Theseo
377 2285 515 2336 dedit,
559 2285 605 2326 ut
636 2284 692 2326 ad
729 2284 826 2327 eius
859 2283 1011 2326 radios
1045 2294 1067 2325 e
1102 2282 1355 2336 labyrintho
1389 2281 1542 2324 salvus
1575 2281 1715 2322 redire

157 2358 324 2411 posset.

215 2427 381 2470 Eadem
425 2427 573 2469 versio
622 2426 802 2469 suberat
845 2425 1030 2480 imagini
1075 2424 1252 2467 cuidam
1297 2424 1339 2466 in
1390 2421 1571 2477 Cypseli
1616 2432 1717 2464 arca

198 2567 228 2607 l)
261 2566 346 2607 Hyg.
379 2566 468 2598 Astr.
502 2566 525 2597 ll
557 2565 588 2597 5.
622 2565 737 2598 Locos
771 2564 1021 2601 Eratosthenis,
1056 2563 1173 2595 Scliol.
1209 2561 1373 2595 German.
1408 2560 1444 2592 Β.
1469 2560 1503 2592 Ρ.
1533 2545 1570 2599 p.
1594 2559 1642 2596 61,
1669 2559 1716 2598 17,

157 2620 282 2661 Hygini
315 2619 483 2652 collectos
515 2618 583 2650 vid.
618 2618 711 2658 apud
747 2617 947 2653 Robertum,
992 2616 1162 2649 Eratosth.
1204 2614 1371 2648 Cataster.
1406 2612 1512 2651 Reliq.
1547 2620 1578 2652 p.
1611 2612 1715 2651 663q.

157 2673 281 2713 Hygini
321 2672 436 2710 verba,
477 2679 547 2704 non
590 2670 830 2703 Eratosthenis
871 2669 983 2706 citavi,
1022 2669 1116 2708 quod
1153 2668 1209 2700 illa
1244 2667 1400 2707 pleniora
1435 2667 1533 2703 sunt;
1568 2673 1597 2697 ν.
1631 2664 1715 2699 Rob.

157 2725 286 2759 Catast.
309 2725 378 2761 Rel.
401 2733 434 2765 p.
456 2725 485 2757 8.

1657 2819 1713 2861 85
