2174 3374
179 508 478 550 tractaverunt
534 505 727 561 (praeter
784 507 938 549 Istrum
1004 509 1045 549 et
1094 506 1170 560 qui
1224 517 1276 548 ex
1320 505 1428 548 lstro
1462 501 1740 557 hauserunt),

178 577 339 621 frustra
371 577 540 632 quaeri,
575 578 698 631 quod
734 578 844 620 satis
877 578 1035 620 mirum
1071 579 1203 626 esset,
1239 577 1276 619 si
1322 574 1577 630 Sophocles
1611 586 1662 617 ea
1695 575 1738 616 in

117 662 127 673 ··
177 659 314 692 scena
356 648 672 702 proposuisset
714 650 756 690 et
794 649 836 690 in
882 648 1078 690 dramate
1122 659 1205 690 suo
1241 646 1433 701 posteris
1467 645 1739 688 tradidisset.

176 718 303 770 Quae
337 719 373 761 si
408 719 467 760 ita
500 730 548 761 se
583 718 762 770 habent,
796 719 1053 774 tragoediae
1089 718 1330 761 auctoritas
1365 718 1446 759 hac
1482 717 1524 758 in
1554 728 1597 759 re
1617 716 1739 770 apud

175 789 561 844 Atthidographos
604 801 692 831 non
735 790 850 832 adeo
894 790 1046 840 valuit,
1090 791 1135 831 ut
1178 800 1275 831 eam
1310 788 1450 831 secuti
1485 788 1738 830 versionem

177 861 469 903 recentiorem
520 872 600 915 pro
643 862 818 903 vetusta
862 860 937 902 illa
979 860 1304 902 substituerint.
1348 858 1402 901 At
1445 860 1554 901 haec
1589 858 1740 900 omnia

177 932 344 975 incerta
377 942 555 974 manere
589 931 779 974 libenter
812 931 1029 973 concedo,

236 1074 478 1128 Aliquanto
497 1073 727 1116 stabiliore
747 1073 849 1116 loco
870 1073 1074 1128 procedit
1094 1073 1144 1124 is,
1169 1073 1245 1127 qui
1277 1070 1378 1115 Cre
1394 1083 1530 1114 usae
1550 1072 1740 1126 vestigia

177 1146 221 1188 in
264 1145 494 1200 tragoedia
537 1145 683 1200 legere
717 1144 803 1187 sibi
844 1144 1078 1199 proponit;
1114 1144 1183 1186 cui
1218 1144 1335 1186 viam
1371 1146 1617 1186 monstrare
1652 1155 1741 1185 non

177 1216 340 1272 poterit
372 1214 641 1270 Sophocles,
676 1215 806 1258 cuius
839 1215 1053 1257 dramatis
1086 1214 1203 1266 (sive
1231 1214 1306 1256 Ion
1336 1214 1431 1256 sive
1461 1211 1633 1257 Creusa
1651 1216 1743 1256 erat

177 1286 460 1342 inscriptum)
495 1286 629 1329 ullam
664 1298 812 1329 veram
841 1287 1082 1341 imaginem
1113 1297 1272 1340 capere
1294 1285 1504 1341 parvulae
1525 1284 1741 1339 reliquiae

178 1371 268 1402 non
311 1359 475 1402 sinunt.
522 1358 643 1400 Licet
686 1369 794 1400 sane
828 1369 928 1400 cum
963 1357 1214 1409 Welckero,
1238 1355 1269 1409 ¹)
1303 1356 1558 1411 ToepfferQ
1580 1353 1609 1411 2)
1643 1356 1744 1399 aliis

177 1430 399 1484 suspicari
459 1431 769 1484 argumentum
829 1428 962 1470 huius
1020 1427 1198 1470 fabulae
1252 1428 1369 1470 idem
1419 1426 1560 1470 fuisse
1608 1429 1742 1481 atque

177 1501 407 1556 Euripidis
442 1500 575 1551 lonis,
610 1500 690 1542 sed
725 1500 1003 1554 aliquantum
1040 1499 1152 1541 inter
1185 1510 1261 1541 eas
1301 1498 1555 1541 interfuisse
1585 1509 1743 1540 neces-

177 1572 342 1615 sarium
376 1573 457 1623 est,
492 1583 546 1614 ne
576 1571 684 1613 alter
712 1573 846 1625 poeta
872 1570 1056 1613 alterum
1084 1570 1382 1624 exscripsisse
1411 1568 1742 1624 spectatoribus

176 1643 413 1686 videretur.

237 1712 472 1768 Siquidem
516 1711 713 1755 Procrim
757 1710 1061 1767 Sophocleam
1109 1711 1478 1763 „innumerabilis
1522 1723 1740 1754 annorum

177 1785 318 1828 series
346 1787 388 1827 et
414 1784 519 1840 fuga
547 1782 827 1838 temporum’'
852 1795 877 1826 a
896 1785 1048 1826 nostro
1068 1785 1315 1837 conspectu
1337 1793 1522 1837 prorsus
1542 1783 1742 1833 removit,

179 1856 387 1899 reicimur
435 1856 490 1898 ad
540 1855 770 1910 Euripidis
809 1854 973 1905 Ionem,
1030 1855 1158 1897 cuius
1206 1853 1385 1896 fabulae
1434 1855 1743 1909 argumentum

179 1927 324 1970 cuivis
369 1929 521 1970 notum
557 1927 642 1969 hoc
676 1926 778 1968 loco
818 1926 1072 1969 exscribere
1105 1937 1491 1980 supervacaneum
1526 1927 1605 1967 est.
1641 1923 1743 1968 Suf-

177 1998 269 2041 ticit
300 1998 344 2040 in
379 1998 639 2040 memoriam
675 2009 900 2048 revocare,
944 2009 1123 2040 omnem
1168 1996 1287 2039 Ionis
1320 2008 1420 2038 cum
1455 1995 1603 2038 Xutho
1639 2007 1743 2038 con-

179 2069 527 2124 sanguinitatem
562 2080 586 2111 a
620 2070 754 2124 poeta
788 2068 981 2111 solutam
1017 2079 1118 2111 esse
1152 2070 1285 2122 atque
1321 2078 1420 2110 eum
1464 2066 1690 2121 Apollinis
1708 2063 1743 2120 3)

222 2220 252 2260 1)
276 2220 335 2254 Gr.
357 2221 461 2260 Trag.
484 2220 493 2251 1
516 2219 572 2252 391
601 2227 677 2259 sqq.

218 2274 253 2314 2)
276 2274 314 2306 Α.
336 2273 379 2307 G.
400 2273 471 2306 268.

219 2326 252 2366 3)
276 2326 475 2367 Apollinem
509 2327 684 2359 Patrou
700 2333 749 2363 m,
774 2327 931 2358 omnium
956 2326 1077 2358 lonum
1108 2327 1302 2365 patronum,
1325 2333 1344 2357 a
1369 2326 1470 2365 poeta
1484 2325 1659 2365 designari
1674 2325 1743 2357 iam

180 2380 282 2412 docet
314 2380 413 2413 Plato
446 2380 608 2420 (Euthyd.
643 2387 675 2419 p.
708 2378 828 2419 302d):
864 2379 1077 2413 Ἀπόλλων
1114 2383 1285 2424 πατρῷος
1324 2379 1386 2412 (διὰ
1420 2380 1485 2423 τὴν
1519 2383 1581 2412 τοῦ
1608 2378 1744 2421 ’Ἴωνος

179 2435 340 2479 γένεσιν.
367 2433 419 2466 Cf.
443 2435 620 2473 praeterea
644 2433 753 2466 schol.
777 2434 820 2466 ad
845 2432 947 2464 Arist.
971 2432 1051 2464 Nub
1078 2431 1175 2464 1468:
1199 2432 1382 2478 Πατρῴος
1405 2432 1500 2475 Ζεὺς
1523 2433 1584 2466 καὶ
1602 2431 1742 2466 Ἀπόλ·

179 2485 262 2520 λων
287 2486 329 2520 ἐν
342 2485 531 2531 Ἀθήναις
557 2489 750 2531 τιμῶνται,
779 2488 797 2520 ὁ
817 2485 914 2528 Ζεὺς
939 2486 1058 2530 μὲν..
1077 2511 1101 2519 ..
1128 2485 1341 2519 Ἀπόλλων
1368 2485 1417 2527 δὲ,
1445 2487 1500 2519 ὅτι
1526 2484 1744 2531 Ἐρεχθέως

180 2544 374 2590 θυγατέρα
411 2546 529 2591 ἔγημε
567 2545 633 2589 τὴν
667 2544 883 2591 Κρέουσαν,
923 2546 965 2588 ἐξ
1005 2546 1045 2589 ἧς
1084 2546 1227 2589 γίνεται
1262 2544 1519 2578 6⁵¹I<0=121tem
1554 2543 1664 2576 schol.
1698 2543 1742 2575 ad

179 2596 272 2630 Aves
297 2597 395 2630 1527:
419 2602 595 2644 πατρῷον
633 2598 672 2632 δὲ
699 2602 859 2644 τιμῶσιν
887 2597 1122 2631 Ἀπόλλωνα
1148 2597 1366 2642 Ἀθηναῖοι,
1395 2598 1477 2631 ἐπεὶ
1504 2596 1608 2640 ”Ιων,
1636 2598 1655 2630 ὁ
1678 2608 1744 2629 πο-

181 2649 379 2696 λέμαρχος
405 2650 638 2696 Ἀθηναίων,
666 2652 707 2695 ἐξ
732 2650 986 2693 Ἀπόλλωνος
1013 2651 1075 2684 καὶ
1103 2650 1145 2684 Κ
1158 2663 1177 2696 ρ
1192 2664 1209 2684 ε
1224 2663 1242 2684 ο
1259 2652 1280 2684 ιύ
1297 2662 1318 2685 σ
1332 2664 1354 2696 η
1370 2663 1387 2694 ς
1414 2664 1430 2684 τ
1448 2655 1466 2694 ἢ
1482 2663 1500 2693 ς
1527 2650 1559 2683 Ξ
1571 2662 1589 2683 ο
1605 2650 1626 2684 ύ
1644 2648 1672 2683 θ
1686 2661 1704 2682 ο
1720 2661 1742 2682 v

181 2709 341 2754 ἐγένετο.
369 2708 529 2750 (corrige
554 2711 611 2742 aut
635 2714 697 2755 τῆς
722 2709 941 2755 Ἐρεχθέως
966 2710 1022 2741 aut
1050 2709 1141 2742 adde
1166 2710 1246 2749 post
1271 2709 1448 2745 Ξούθου;
1491 2707 1743 2755 ῃγυναικόςᾞ.

1687 2817 1744 2859 43
