2174 3374
197 498 300 543 Sive
345 501 492 542 autem
539 499 816 554 Hyacinthus
861 499 1070 555 Lelegum
1117 499 1261 553 (quod
1297 500 1491 542 coniecit
1524 498 1700 550 Fick¹))

137 571 233 612 sive
282 570 469 612 aliorum
520 570 632 612 deus
679 570 773 621 fuit,
818 582 918 612 eum
963 570 1293 624 antiquissimis
1331 570 1611 624 temporibus
1656 571 1698 612 in

136 640 298 684 insulis
330 642 550 695 terrisque
584 641 719 684 maris
751 639 904 696 Aegei,
949 641 991 682 in
1026 640 1144 689 Asia,
1186 642 1227 683 in
1263 639 1582 695 Peloponneso
1618 653 1698 684 nec

137 723 226 754 non
247 712 289 754 in
308 711 452 754 Attica
470 712 636 754 cultum
656 712 797 754 fuisse
816 712 926 753 satis
945 722 1172 766 superque
1196 712 1549 754 demonstratum
1571 714 1650 755 est.
1667 709 1697 762 ²)

194 781 550 837 Qualiscumque
585 783 719 825 huius
754 782 824 824 dei
855 782 1027 835 antiqui
1058 782 1237 824 indoles
1265 781 1359 833 fuit,
1389 793 1699 837 quascumque

137 855 286 908 partes
333 853 378 895 in
423 853 684 908 regionibus
727 864 846 895 mare
890 853 1087 907 Aegeum
1133 853 1557 896 circumiacentibus
1597 854 1698 908 egit,

136 935 237 966 eum
272 924 399 966 initio
434 924 602 978 ubique
635 924 703 966 sui
739 924 847 965 iuris
874 923 1014 966 fuisse
1045 925 1086 965 et
1114 924 1343 978 proprium
1373 935 1502 966 suum
1532 924 1699 966 cultum

136 995 350 1038 habuisse
383 996 426 1038 et
458 995 590 1037 etiam
625 994 669 1036 in
703 993 1024 1048 Peloponneso
1059 1006 1147 1037 non
1187 1006 1366 1049 semper
1398 996 1441 1037 in
1474 995 1699 1049 Apollinis

135 1065 273 1109 tutela
313 1065 469 1117 fuisse,
512 1077 601 1108 non
645 1067 712 1108 est
755 1065 878 1119 quod
923 1077 1145 1108 moneam.
1191 1065 1470 1119 Hyacinthus
1502 1065 1700 1120 Amyclis

136 1139 391 1196 αὐτάρκειαν
423 1147 550 1179 suam
585 1135 800 1190 paulatim
846 1136 995 1178 amisit
1028 1138 1070 1179 et
1102 1136 1299 1190 denique
1334 1137 1467 1191 plane
1501 1135 1699 1191 Apollini

137 1206 369 1250 subiectus
402 1209 470 1249 est
501 1206 663 1249 eodem
697 1206 834 1248 modo
868 1208 1001 1261 atque
1037 1207 1373 1249 Lacedaemone
1409 1205 1623 1250 Carneus.

197 1276 476 1332 Hyacinthus
504 1276 980 1332 Peloponnesius
1012 1277 1237 1332 Apollinis
1271 1278 1464 1321 adventu
1500 1290 1588 1321 non
1623 1291 1700 1321 ex—

137 1348 297 1403 pulsus
330 1350 410 1400 est,
444 1349 524 1391 sed
558 1360 582 1391 a
616 1360 734 1391 novo
769 1350 811 1391 et
843 1349 1096 1402 potentiore
1130 1349 1216 1391 deo
1246 1349 1433 1392 haustus
1462 1361 1561 1392 cum
1582 1361 1635 1392 eo
1657 1350 1699 1391 in

138 1430 274 1461 unum
319 1431 486 1474 corpus
531 1419 710 1470 coaluit,
755 1431 843 1461 una
877 1431 976 1462 cum
1013 1431 1065 1462 eo
1101 1420 1366 1463 immortalis
1399 1421 1600 1463 redditus
1635 1423 1701 1464 est

139 1490 402 1544 „honorque
447 1490 574 1532 durat
617 1491 660 1531 in
705 1490 789 1532 hoc
834 1489 975 1532 aevi.''
1021 1490 1299 1544 Hyacinthus
1341 1490 1569 1534 Atticus
1611 1492 1699 1533 tam

137 1559 323 1603 illustris
356 1561 532 1615 patroni
567 1572 729 1615 expers
763 1561 860 1603 sine
888 1561 1080 1615 vestigio
1114 1560 1204 1603 fere
1240 1562 1415 1604 interiit.
1451 1561 1594 1604 Huius
1629 1562 1699 1604 dei

138 1632 353 1674 memoria
399 1632 710 1674 tantummodo
759 1633 992 1686 superstes
1041 1634 1107 1674 est
1150 1633 1192 1674 in
1238 1633 1418 1675 nomine
1463 1632 1699 1687 Hyacinthi

138 1701 269 1745 collis
312 1702 356 1744 in
399 1702 570 1745 Atticae
613 1703 736 1757 parte
766 1702 1103 1757 septentrionali
1135 1714 1271 1757 super
1304 1701 1593 1757 Sphendalen
1629 1704 1699 1746 siti

138 1775 180 1816 et
212 1773 255 1815 in
290 1772 637 1828 Hyacinthidum
672 1773 806 1825 cultu,
850 1785 980 1828 quae,
1020 1774 1121 1828 ipso
1158 1773 1409 1828 Hyacintho
1445 1774 1613 1816 iamdiu
1648 1786 1701 1816 ex

138 1844 369 1887 hominum
426 1845 640 1887 memoria
697 1844 860 1896 deleto,
915 1845 957 1886 in
1002 1845 1185 1887 dearum
1230 1844 1471 1888 Atticarum
1516 1857 1700 1888 numero

138 1914 287 1957 locum
321 1926 500 1970 semper
532 1915 834 1958 obtinuerunt.

198 1985 498 2029 Vetustissimi
556 1986 703 2029 cultus
758 1986 888 2029 Attici
938 1986 1129 2042 vestigia
1178 1987 1249 2029 hic
1298 1998 1544 2042 agnoscere
1594 1987 1700 2029 mihi

137 2056 295 2099 videor
326 2068 381 2100 ex
412 2058 695 2112 temporibus
738 2057 827 2100 illis
870 2057 1215 2111 antiquissimis,
1250 2069 1351 2100 cum
1384 2057 1548 2112 Apollo
1582 2057 1701 2112 Hya-

138 2127 338 2170 cinthum
372 2128 571 2170 nondum
606 2128 931 2171 absorbuisset.
990 2127 1101 2169 Nam
1137 2128 1388 2182 Hyacintho
1420 2128 1565 2170 Attico
1599 2140 1700 2170 cum

137 2195 347 2252 Apolline
376 2198 542 2240 nullam
573 2199 886 2241 intercessisse
916 2199 1148 2249 rationem,
1177 2201 1345 2241 certum
1374 2199 1562 2241 videtur.
1583 2198 1701 2253 Hya-

139 2268 378 2320 cinthides,
412 2270 438 2311 i.
473 2280 510 2312 e.
561 2268 797 2323 Hyacinthi
845 2269 963 2311 filiae
1013 2269 1100 2320 (vel
1146 2266 1408 2324 nymphae),
1457 2281 1546 2311 non
1596 2281 1701 2311 con-

138 2339 324 2381 veniunt
364 2339 616 2394 Hyacintho
659 2339 916 2394 Apollineo,
959 2338 1185 2394 Apollinis
1226 2343 1435 2392 ἐρωμένῳ,
1480 2340 1556 2394 qui
1592 2351 1703 2394 puer

79 2437 83 2439 -
139 2412 341 2453 mortuus
375 2413 464 2462 est;
500 2422 647 2465 neque
676 2411 718 2452 in
749 2411 869 2453 cultu
898 2410 1139 2464 Amyclaeo
1166 2422 1356 2464 usquam
1378 2411 1701 2465 Hyacinthides

138 2482 568 2533 commemorantur;
603 2481 784 2524 nonnisi
825 2481 868 2523 in
901 2480 1045 2523 Attica
1078 2481 1253 2523 adsunt.

168 2601 213 2695 ἐξ
235 2599 709 2696 ἷέἐοῗῇιῗιῗίιιὲᾷέρειξίηῐὴί
735 2663 862 2688 nomen
888 2655 1002 2688 adhuc
1027 2655 1205 2696 reperitur,
1230 2656 1529 2687 enumerationem
1554 2663 1582 2687 v.
1606 2654 1699 2694 apud

139 2706 373 2748 Pauly-wiss.
396 2716 423 2741 s.
446 2716 477 2741 v.

1644 2812 1693 2853 31
