2174 3374
742 915 1042 967 CAPUT
1101 916 1130 966 l.

766 1154 1098 1200 ErechtheuS.
1177 1183 1180 1186 -

213 1285 558 1338 Quaerentibus,
607 1287 716 1341 quid
769 1289 928 1342 poetae
977 1287 1132 1342 tragici
1182 1288 1237 1330 de
1286 1286 1518 1330 Erechthei
1562 1287 1714 1330 fabula

156 1357 362 1409 doceant,
391 1357 618 1412 Euripidis
637 1358 946 1400 tantummodo
966 1358 1098 1400 nobis
1117 1358 1226 1400 ratio
1246 1358 1327 1400 erit
1345 1358 1564 1400 habenda.
1584 1357 1714 1413 Apud

155 1427 425 1483 Aeschylum
460 1429 594 1479 enim,
624 1429 699 1482 qui
733 1429 916 1483 quidem
947 1427 1399 1483 Orithyiae,vfabulae
1427 1430 1595 1471 tantum
1624 1441 1713 1471 non

157 1498 289 1554 plane
322 1499 596 1553 deperditae,
631 1501 939 1554 argumentum
975 1512 1028 1542 ex
1062 1500 1221 1542 eodem
1256 1499 1506 1542 fabularum
1541 1511 1714 1542 conexu

156 1570 363 1624 sumpsit,
407 1570 505 1624 ipse
544 1569 820 1612 Erechtheus
853 1581 1075 1624 nusquam
1114 1572 1501 1612 commemoratur.
1537 1568 1716 1624 Sopho-

156 1640 269 1683 clem
312 1652 508 1695 quoque‚
554 1641 683 1683 cuius
727 1652 749 1683 e
788 1641 1033 1696 tragoediis
1068 1641 1433 1684 Erechthidarum
1468 1640 1556 1683 fata
1589 1653 1717 1684 enar-

156 1711 358 1753 rantibus
403 1713 576 1765 praeter
617 1711 771 1754 titulos
811 1711 919 1754 nihil
963 1711 1054 1754 fere
1092 1713 1298 1766 superest
1316 1709 1349 1763 ¹)
1385 1712 1554 1766 quique
1588 1723 1717 1766 prae-

156 1783 275 1824 terea
293 1779 326 1834 ²)
369 1781 567 1824 fabulam
613 1783 809 1825 nostram
853 1783 1034 1825 nonnisi
1080 1783 1265 1825 strictim
1316 1782 1503 1837 attingit,
1536 1782 1715 1825 silentio

156 1853 393 1906 praeterire
426 1863 685 1907 possumus.

216 1921 449 1966 Erechthei
508 1923 750 1966 memoriae
799 1925 939 1965 totum
988 1924 1142 1966 drama
1189 1923 1416 1965 dedicavit
1464 1923 1715 1977 EuripideS,

156 1993 286 2036 cuius
327 1995 635 2048 argumentum
681 2006 735 2036 ex
778 1994 892 2048 ipsis
934 1994 1194 2049 fragmentis
1237 1995 1371 2047 atque
1411 2005 1463 2036 ex
1497 1994 1566 2044 iis,
1601 2005 1716 2047 quae

156 2063 212 2106 de
260 2075 314 2106 eo
362 2066 667 2118 exposuerunt
714 2064 956 2119 Lycurgus,
1005 2064 1326 2119 Apollodorus,
1377 2063 1593 2118 Hyginus,
1642 2064 1715 2106 alii

156 2135 411 2178 summatim
444 2137 562 2177 certe
596 2135 766 2177 restitui
802 2137 962 2189 potest.

216 2204 329 2248 lnter
360 2205 618 2260 tragoediae
652 2205 867 2259 reliquias
900 2205 1009 2247 satis
1042 2204 1216 2259 amplas
1249 2204 1360 2246 forte
1393 2204 1569 2251 fortuna
1602 2215 1717 2246 unus

157 2276 360 2318 servatus
408 2277 476 2318 est
522 2275 787 2326 versiculus,
837 2276 913 2329 qui
963 2275 1138 2330 prologi
1189 2275 1416 2317 materiam
1461 2286 1622 2329 magna
1664 2286 1717 2317 ex

157 2347 280 2399 parte
314 2346 448 2388 nobis
481 2345 704 2400 patefacit.

216 2415 361 2459 Verba
394 2417 512 2459 enim
545 2416 594 2459 fr.
628 2416 715 2459 349
734 2413 792 2469 3):

525 2505 765 2546 Αἰθιοπίαν
797 2520 864 2545 νιν
897 2505 1065 2555 ἐξέσωσ’
1098 2507 1166 2544 ἐπὶ
1198 2506 1343 2557 χθόνα

201 2618 231 2658 1)
254 2618 291 2652 V.
315 2626 347 2659 p.
369 2618 411 2651 39
433 2626 511 2658 sqq.

197 2671 231 2711 2)
254 2671 363 2712 Soph.
386 2672 437 2704 Αἰ.
459 2671 530 2710 202,
553 2671 630 2704 Ant.
652 2670 709 2703 981
737 2679 813 2711 sqq.

197 2723 232 2764 3)
253 2725 355 2764 Trag.
380 2725 502 2764 fragm.
525 2731 691 2757 numeros
715 2724 888 2763 adscripsi
913 2731 953 2756 ex
977 2724 1030 2756 ed.
1056 2723 1259 2756 Nauckiana
1284 2724 1450 2756 secunda.

1665 2825 1716 2867 13
