2174 3374
214 493 367 548 ltaque
400 492 749 537 Pallantidarum
783 494 889 537 belli
924 506 1075 546 causa,
1109 497 1152 537 in
1185 496 1444 539 Atthidibus
1463 499 1720 547 memorata,

155 563 335 607 diversa
360 565 444 607 fuit
469 566 526 608 ab
554 576 620 616 ea,
649 576 783 619 quam
813 565 938 608 affert
964 565 1258 609 Plutarchus:
1289 568 1336 607 Οῑ
1354 568 1398 607 δὲ
1415 568 1720 609 Παλλαντίδαι

153 637 359 690 πρότερον
403 640 484 688 μὲν
530 638 716 688 ἤλπιζον
763 639 881 676 αὐτοὶ
929 641 1001 688 τὴν
1047 639 1279 688 βασιλείαν
1320 639 1520 688 καθέξειν
1562 640 1720 691 Αἰγέως

154 708 330 746 ἀτέκνου
376 707 710 758 τελευτήσαντος·
759 709 850 747 ἐπεὶ
908 707 952 746 δὲ
1005 707 1163 760 Θησεὺς
1214 708 1452 761 (ἐπεδείχθη
1506 709 1717 763 διάδοχος,

151 777 354 829 χαλεπῶς
395 779 603 831 φέροντες,
647 781 683 817 εἰ
720 779 943 828 βασιλεύει
984 782 1065 829 μὲν
1107 779 1319 830 Αἰγεὺς,
1365 780 1525 826 θετὸς
1568 783 1717 831 γενό-

151 861 320 898 μενος
369 847 659 887 Πανδίονι
710 852 801 887 καὶ
852 848 1026 900 μηδὲν
1075 847 1472 902 Ἐρεχθείδαις
1519 854 1719 902 προσή-

151 931 271 962 κων,
317 919 568 968 βασιλεύσει
616 918 652 957 δ’
692 920 713 957 ὁ
763 917 983 970 Θησεὺς,
1039 919 1214 958 πάλιν
1256 920 1464 972 ἔπηλυς
1511 923 1580 959 ὣν
1626 926 1717 960 καὶ

150 989 205 1037 ξέ
216 1002 240 1027 ν
253 1001 275 1027 ο
287 1002 320 1038 ς,
353 991 411 1035 εἰς
442 974 653 1039 πόλεμον“
666 989 938 1029 καθίσταντο.

209 1055 264 1099 At
306 1068 423 1111 quae
466 1055 732 1099 Plutarchus
775 1057 990 1099 continuo
1032 1057 1158 1099 addit
1195 1058 1249 1100 de
1284 1058 1386 1112 ipso
1420 1060 1594 1113 proelio
1629 1063 1716 1102 tam

150 1129 361 1183 speciose
395 1139 496 1171 cum
530 1127 789 1170 Philochori
823 1128 1026 1170 eiusdem
1061 1129 1219 1182 proelii
1250 1129 1570 1184 descriptione,
1601 1143 1717 1184 quae

149 1198 285 1241 nobis
317 1199 477 1241 tradita
510 1202 578 1241 est
612 1200 654 1240 in
689 1198 831 1241 schol.
867 1199 922 1240 ad
963 1198 1061 1241 Eur.
1097 1199 1233 1254 Hipp.
1267 1200 1323 1243 35
1356 1198 1404 1253 (i.
1438 1213 1474 1243 e.
1509 1200 1714 1244 Philoch.

146 1268 198 1312 fr.
230 1267 322 1324 36),
371 1270 630 1321 concinunt,
679 1273 724 1312 ut
772 1270 957 1312 alterum
1006 1270 1063 1312 ab
1112 1271 1250 1312 altero
1295 1272 1568 1325 exscriptum
1613 1284 1714 1315 esse

147 1341 446 1392 certissimum
495 1341 565 1383 sit.
619 1339 765 1391 Quam
815 1341 1174 1383 convenientiam
1225 1341 1472 1384 luculenter
1518 1344 1716 1385 ostendit

146 1410 401 1454 Wellmann
436 1412 461 1454 1.
498 1412 539 1463 l.,
573 1412 649 1466 qui
684 1414 832 1454 tamen
866 1412 1024 1453 mirum
1061 1412 1104 1453 in
1139 1413 1323 1455 modum
1353 1413 1408 1455 de
1438 1415 1528 1456 tota
1556 1414 1639 1455 hac
1668 1425 1712 1456 re

144 1482 447 1524 ratiocinatur.
477 1480 700 1525 Concedit
727 1482 910 1536 quidem
930 1493 1111 1524 causam
1133 1481 1480 1525 Pallantidarum
1503 1484 1712 1538 impetus,

144 1564 279 1607 quam
323 1553 445 1607 apud
488 1551 774 1595 Plutarchum
818 1552 1023 1607 legimus,
1058 1565 1111 1595 ex
1145 1552 1419 1595 Philochoro
1451 1554 1586 1596 fluere
1621 1567 1710 1597 non

144 1624 364 1678 potuisse,
398 1624 609 1666 concedit
642 1623 774 1666 etiam
809 1623 914 1665 belli
950 1624 1247 1666 narrationem
1278 1623 1589 1668 Plutarcheam
1620 1632 1712 1668 arte

142 1706 242 1737 cum
286 1693 585 1738 Philochorea
627 1695 882 1744 cohaerere,
916 1695 996 1737 sed
1031 1706 1213 1737 causam
1248 1697 1290 1737 et
1323 1696 1620 1738 narrationem
1657 1709 1710 1740 ex

141 1765 336 1808 diversis
368 1765 571 1808 tontibus
606 1767 842 1820 provenire
877 1776 1062 1820 negans,
1097 1765 1254 1808 ambas
1290 1777 1343 1808 ex
1373 1778 1462 1808 uno
1489 1767 1708 1821 scriptore

141 1833 415 1878 Philochoro
449 1839 592 1879 aetate
625 1836 847 1887 interiore,
884 1836 926 1878 id
962 1838 1029 1878 est
1063 1848 1117 1878 ex
1150 1836 1274 1887 Istr0‚
1308 1837 1573 1890 desumptas
1607 1849 1708 1880 esse

139 1907 410 1961 suspicatur.
454 1907 604 1949 Nimio
648 1907 799 1950 studio
844 1907 936 1949 lstri
982 1918 1099 1961 opus
1137 1907 1443 1961 amplificandi
1479 1908 1623 1962 abripi
1658 1920 1706 1952 se

139 1987 305 2031 passus
349 1980 438 2029 est;
469 1978 608 2020 ·nullo
651 1978 768 2020 enim
815 1978 907 2020 iure
950 1977 1106 2020 Istrum
1141 1978 1197 2019 ab
1231 1979 1286 2020 iis
1318 1977 1704 2033 Atthidographis,

139 2059 257 2101 quos
290 2046 452 2091 Strabo
484 2051 617 2101 λόγου
645 2052 789 2099 ἀξίους
818 2049 1034 2098 nominat,
1063 2051 1296 2103 segregat;
1326 2060 1474 2103 neque
1502 2053 1703 2104 apparet,

137 2119 257 2161 unde
289 2118 410 2169 Ister,
452 2118 682 2161 Atthidum
718 2119 791 2161 ille
826 2119 1108 2173 compilator,
1151 2120 1261 2161 haec
1296 2119 1351 2161 de
1384 2121 1703 2174 suppositione

135 2189 274 2244 Aegei
307 2191 650 2244 exprompserit.
686 2189 729 2232 ln
764 2189 899 2245 Aegei
936 2192 978 2232 et
1010 2189 1175 2232 Thesei
1216 2191 1389 2245 origine
1422 2202 1525 2233 vere
1558 2190 1702 2234 Attica

135 2261 440 2303 asseveranda
481 2271 639 2303 omnes
687 2259 1087 2316 Atthidographos,
1132 2261 1206 2314 qui
1252 2261 1444 2303 alicuius
1487 2263 1700 2304 momenti

135 2333 253 2382 sunt,
295 2332 635 2386 conspiravisse
678 2335 720 2374 et
752 2331 908 2374 lstrum
943 2342 1126 2385 quoque
1161 2332 1322 2374 ceteris
1356 2343 1403 2374 se
1437 2332 1701 2375 adiunxisse

134 2413 224 2445 non
267 2401 414 2445 solum
455 2401 616 2445 Strabo
660 2402 823 2445 diserte
866 2401 1068 2453 affirmat,
1111 2402 1192 2444 sed
1227 2403 1358 2444 etiam
1393 2414 1457 2450 ea,
1494 2414 1610 2456 quae
1643 2404 1700 2446 de

131 2471 360 2515 Atthidum
396 2473 547 2516 indole
582 2475 624 2515 et
655 2474 826 2515 ratione
860 2473 1174 2527 cognovimus,
1209 2483 1293 2514 nos
1326 2473 1491 2515 docent
1510 2471 1553 2526 ¹).

191 2543 339 2597 Ipsius
382 2544 516 2599 igitur
557 2544 662 2586 belli
708 2544 1008 2586 narrationem
1053 2542 1319 2586 Plutarchus
1363 2555 1387 2585 a
1420 2542 1695 2586 Philochoro

174 2693 205 2734 l)
227 2694 296 2726 vid.
318 2693 425 2733 praef.
447 2702 481 2733 p.
503 2693 523 2725 7
543 2701 595 2733 sq.

1635 2802 1692 2843 97
