<?xml version="1.0" encoding="UTF-8"?>
<!DOCTYPE html PUBLIC "-//W3C//DTD XHTML 1.0 Transitional//EN"
    "http://www.w3.org/TR/xhtml1/DTD/xhtml1-transitional.dtd">
<html xmlns="http://www.w3.org/1999/xhtml" xml:lang="en" lang="en">
 <head>
  <title>
</title>
<meta http-equiv="Content-Type" content="text/html;charset=utf-8" />
  <meta name='ocr-system' content='tesseract 3.04.00' />
  <meta name='ocr-capabilities' content='ocr_page ocr_carea ocr_par ocr_line ocrx_word'/>
</head>
<body>
  <div class='ocr_page' id='page_1' title='image "./erechtheusetthes00schwuoft_0014.png"; bbox 0 0 2174 3374; ppageno 0'>
   <div class='ocr_carea' id='block_1_1' title="bbox 472 496 2035 2179">
    <p class='ocr_par' dir='ltr' id='par_1_1' title="bbox 472 496 2032 696">
     <span class='ocr_line' id='line_1_1' title="bbox 472 496 2030 554; baseline -0.003 -11"><span class='ocrx_word' id='word_1_1' title='bbox 472 502 527 543; x_wconf 91' lang='lat' dir='ltr'>ab</span> <span class='ocrx_word' id='word_1_2' title='bbox 562 500 784 554; x_wconf 79' lang='lat' dir='ltr'>Eumolpo</span> <span class='ocrx_word' id='word_1_3' title='bbox 818 500 1063 549; x_wconf 81' lang='lat' dir='ltr'>Eleusinio,</span> <span class='ocrx_word' id='word_1_4' title='bbox 1097 498 1259 552; x_wconf 77' lang='lat' dir='ltr'>Apollo</span> <span class='ocrx_word' id='word_1_5' title='bbox 1289 498 1448 540; x_wconf 85' lang='lat' dir='ltr'>Delius</span> <span class='ocrx_word' id='word_1_6' title='bbox 1482 498 1549 540; x_wconf 90' lang='lat' dir='ltr'>vel</span> <span class='ocrx_word' id='word_1_7' title='bbox 1585 496 1757 539; x_wconf 82' lang='lat' dir='ltr'>Atticus</span> <span class='ocrx_word' id='word_1_8' title='bbox 1792 509 1878 538; x_wconf 90' lang='lat' dir='ltr'>non</span> <span class='ocrx_word' id='word_1_9' title='bbox 1915 496 2030 538; x_wconf 89' lang='lat' dir='ltr'>idem</span> 
     </span>
     <span class='ocr_line' id='line_1_2' title="bbox 472 566 2032 625; baseline -0.004 -11"><span class='ocrx_word' id='word_1_10' title='bbox 472 574 539 614; x_wconf 83' lang='lat' dir='ltr'>est</span> <span class='ocrx_word' id='word_1_11' title='bbox 566 574 698 625; x_wconf 88' lang='lat' dir='ltr'>atque</span> <span class='ocrx_word' id='word_1_12' title='bbox 728 571 889 624; x_wconf 75' lang='lat' dir='ltr'>Apollo</span> <span class='ocrx_word' id='word_1_13' title='bbox 919 570 1184 623; x_wconf 84' lang='lat' dir='ltr'>Delphicus.</span> <span class='ocrx_word' id='word_1_14' title='bbox 1214 569 1371 622; x_wconf 83' lang='lat' dir='ltr'>Neque</span> <span class='ocrx_word' id='word_1_15' title='bbox 1399 568 1623 622; x_wconf 70' lang='lat' dir='ltr'>Apollinis</span> <span class='ocrx_word' id='word_1_16' title='bbox 1651 567 1860 622; x_wconf 83' lang='lat' dir='ltr'>Delphici</span> <span class='ocrx_word' id='word_1_17' title='bbox 1887 566 2032 608; x_wconf 84' lang='lat' dir='ltr'>cultus</span> 
     </span>
     <span class='ocr_line' id='line_1_3' title="bbox 473 639 1474 696; baseline -0.004 -12"><span class='ocrx_word' id='word_1_18' title='bbox 473 654 651 696; x_wconf 87' lang='lat' dir='ltr'>semper</span> <span class='ocrx_word' id='word_1_19' title='bbox 684 642 800 682; x_wconf 88' lang='lat' dir='ltr'>idem</span> <span class='ocrx_word' id='word_1_20' title='bbox 836 643 969 693; x_wconf 75' lang='lat' dir='ltr'>atque</span> <span class='ocrx_word' id='word_1_21' title='bbox 1005 641 1215 681; x_wconf 84' lang='lat' dir='ltr'>immotus</span> <span class='ocrx_word' id='word_1_22' title='bbox 1251 639 1474 681; x_wconf 78' lang='lat' dir='ltr'>remansit.</span> 
     </span>
    </p>

    <p class='ocr_par' dir='ltr' id='par_1_2' title="bbox 473 707 2035 1256">
     <span class='ocr_line' id='line_1_4' title="bbox 531 707 2033 766; baseline -0.003 -13"><span class='ocrx_word' id='word_1_23' title='bbox 531 711 695 754; x_wconf 87' lang='lat' dir='ltr'>Omnia</span> <span class='ocrx_word' id='word_1_24' title='bbox 730 712 861 766; x_wconf 79' lang='lat' dir='ltr'>igitur</span> <span class='ocrx_word' id='word_1_25' title='bbox 894 712 1163 752; x_wconf 87' lang='lat' dir='ltr'>documenta</span> <span class='ocrx_word' id='word_1_26' title='bbox 1200 710 1421 759; x_wconf 88' lang='lat' dir='ltr'>litteraria,</span> <span class='ocrx_word' id='word_1_27' title='bbox 1467 707 1822 763; x_wconf 85' lang='lat' dir='ltr'>archaeologica,</span> <span class='ocrx_word' id='word_1_28' title='bbox 1856 707 2033 761; x_wconf 83' lang='lat' dir='ltr'>epigra-</span> 
     </span>
     <span class='ocr_line' id='line_1_5' title="bbox 473 778 2033 836; baseline -0.004 -12"><span class='ocrx_word' id='word_1_29' title='bbox 473 784 619 836; x_wconf 75' lang='lat' dir='ltr'>pliica,</span> <span class='ocrx_word' id='word_1_30' title='bbox 650 793 765 835; x_wconf 86' lang='lat' dir='ltr'>quae</span> <span class='ocrx_word' id='word_1_31' title='bbox 792 781 1037 834; x_wconf 67' lang='lat' dir='ltr'>antiquitas</span> <span class='ocrx_word' id='word_1_32' title='bbox 1064 780 1197 821; x_wconf 90' lang='lat' dir='ltr'>nobis</span> <span class='ocrx_word' id='word_1_33' title='bbox 1226 780 1408 821; x_wconf 87' lang='lat' dir='ltr'>tradidit</span> <span class='ocrx_word' id='word_1_34' title='bbox 1435 781 1477 820; x_wconf 86' lang='lat' dir='ltr'>et</span> <span class='ocrx_word' id='word_1_35' title='bbox 1495 779 1660 820; x_wconf 78' lang='lat' dir='ltr'>cotidie</span> <span class='ocrx_word' id='word_1_36' title='bbox 1680 778 1825 828; x_wconf 78' lang='lat' dir='ltr'>tradit,</span> <span class='ocrx_word' id='word_1_37' title='bbox 1845 789 2033 831; x_wconf 79' lang='lat' dir='ltr'>geogra-</span> 
     </span>
     <span class='ocr_line' id='line_1_6' title="bbox 474 848 2033 907; baseline -0.004 -13"><span class='ocrx_word' id='word_1_38' title='bbox 474 854 604 907; x_wconf 77' lang='lat' dir='ltr'>plrice</span> <span class='ocrx_word' id='word_1_39' title='bbox 640 855 680 894; x_wconf 87' lang='lat' dir='ltr'>et</span> <span class='ocrx_word' id='word_1_40' title='bbox 714 851 1034 905; x_wconf 81' lang='lat' dir='ltr'>chronologice</span> <span class='ocrx_word' id='word_1_41' title='bbox 1069 851 1380 892; x_wconf 82' lang='lat' dir='ltr'>distribuenda</span> <span class='ocrx_word' id='word_1_42' title='bbox 1413 852 1529 900; x_wconf 79' lang='lat' dir='ltr'>sunt,</span> <span class='ocrx_word' id='word_1_43' title='bbox 1565 849 1623 891; x_wconf 89' lang='lat' dir='ltr'>ita</span> <span class='ocrx_word' id='word_1_44' title='bbox 1657 851 1702 890; x_wconf 93' lang='lat' dir='ltr'>ut</span> <span class='ocrx_word' id='word_1_45' title='bbox 1735 850 1826 890; x_wconf 91' lang='lat' dir='ltr'>tota</span> <span class='ocrx_word' id='word_1_46' title='bbox 1859 848 2033 902; x_wconf 87' lang='lat' dir='ltr'>mytho-</span> 
     </span>
     <span class='ocr_line' id='line_1_7' title="bbox 474 917 2033 978; baseline -0.004 -13"><span class='ocrx_word' id='word_1_47' title='bbox 474 924 593 978; x_wconf 74' lang='lat' dir='ltr'>logia</span> <span class='ocrx_word' id='word_1_48' title='bbox 637 923 859 964; x_wconf 84' lang='lat' dir='ltr'>dilabatur</span> <span class='ocrx_word' id='word_1_49' title='bbox 903 922 946 962; x_wconf 90' lang='lat' dir='ltr'>in</span> <span class='ocrx_word' id='word_1_50' title='bbox 992 921 1344 975; x_wconf 82' lang='lat' dir='ltr'>monographias</span> <span class='ocrx_word' id='word_1_51' title='bbox 1384 920 1566 970; x_wconf 88' lang='lat' dir='ltr'>locales,</span> <span class='ocrx_word' id='word_1_52' title='bbox 1602 931 1717 973; x_wconf 91' lang='lat' dir='ltr'>quae</span> <span class='ocrx_word' id='word_1_53' title='bbox 1751 918 1954 973; x_wconf 83' lang='lat' dir='ltr'>singulae</span> <span class='ocrx_word' id='word_1_54' title='bbox 1989 917 2033 958; x_wconf 91' lang='lat' dir='ltr'>in</span> 
     </span>
     <span class='ocr_line' id='line_1_8' title="bbox 474 987 2032 1048; baseline -0.004 -12"><span class='ocrx_word' id='word_1_55' title='bbox 474 1007 607 1048; x_wconf 78' lang='lat' dir='ltr'>quam</span> <span class='ocrx_word' id='word_1_56' title='bbox 667 993 1011 1035; x_wconf 74' lang='lat' dir='ltr'>remotissimam</span> <span class='ocrx_word' id='word_1_57' title='bbox 1070 993 1333 1033; x_wconf 86' lang='lat' dir='ltr'>vetustatem</span> <span class='ocrx_word' id='word_1_58' title='bbox 1389 990 1705 1045; x_wconf 81' lang='lat' dir='ltr'>perducendae</span> <span class='ocrx_word' id='word_1_59' title='bbox 1753 990 1868 1031; x_wconf 86' lang='lat' dir='ltr'>sunt.</span> <span class='ocrx_word' id='word_1_60' title='bbox 1918 987 2032 1031; x_wconf 88' lang='lat' dir='ltr'>Tum</span> 
     </span>
     <span class='ocr_line' id='line_1_9' title="bbox 474 1060 2033 1116; baseline -0.004 -10"><span class='ocrx_word' id='word_1_61' title='bbox 474 1067 651 1107; x_wconf 87' lang='lat' dir='ltr'>demum</span> <span class='ocrx_word' id='word_1_62' title='bbox 701 1065 855 1105; x_wconf 68' lang='lat' dir='ltr'>irarum</span> <span class='ocrx_word' id='word_1_63' title='bbox 899 1063 1175 1116; x_wconf 85' lang='lat' dir='ltr'>comparatio</span> <span class='ocrx_word' id='word_1_64' title='bbox 1220 1062 1415 1103; x_wconf 91' lang='lat' dir='ltr'>rationes</span> <span class='ocrx_word' id='word_1_65' title='bbox 1459 1063 1500 1102; x_wconf 92' lang='lat' dir='ltr'>et</span> <span class='ocrx_word' id='word_1_66' title='bbox 1543 1061 1753 1102; x_wconf 81' lang='lat' dir='ltr'>notiones</span> <span class='ocrx_word' id='word_1_67' title='bbox 1788 1060 2033 1109; x_wconf 87' lang='lat' dir='ltr'>universas,</span> 
     </span>
     <span class='ocr_line' id='line_1_10' title="bbox 474 1130 2035 1189; baseline -0.004 -12"><span class='ocrx_word' id='word_1_68' title='bbox 474 1148 589 1189; x_wconf 82' lang='lat' dir='ltr'>quae</span> <span class='ocrx_word' id='word_1_69' title='bbox 623 1135 706 1176; x_wconf 82' lang='lat' dir='ltr'>sub</span> <span class='ocrx_word' id='word_1_70' title='bbox 741 1134 952 1175; x_wconf 87' lang='lat' dir='ltr'>omnibus</span> <span class='ocrx_word' id='word_1_71' title='bbox 988 1133 1076 1174; x_wconf 89' lang='lat' dir='ltr'>illis</span> <span class='ocrx_word' id='word_1_72' title='bbox 1105 1132 1290 1174; x_wconf 85' lang='lat' dir='ltr'>deorum</span> <span class='ocrx_word' id='word_1_73' title='bbox 1321 1132 1598 1185; x_wconf 76' lang='lat' dir='ltr'>lieroumque</span> <span class='ocrx_word' id='word_1_74' title='bbox 1628 1130 1823 1172; x_wconf 89' lang='lat' dir='ltr'>cultibus</span> <span class='ocrx_word' id='word_1_75' title='bbox 1842 1130 2035 1172; x_wconf 86' lang='lat' dir='ltr'>diversis</span> 
     </span>
     <span class='ocr_line' id='line_1_11' title="bbox 473 1200 1136 1256; baseline -0.005 -8"><span class='ocrx_word' id='word_1_76' title='bbox 473 1207 621 1255; x_wconf 67' lang='lat' dir='ltr'>lateni,</span> <span class='ocrx_word' id='word_1_77' title='bbox 656 1204 873 1246; x_wconf 85' lang='lat' dir='ltr'>illustrare</span> <span class='ocrx_word' id='word_1_78' title='bbox 908 1200 1136 1256; x_wconf 73' lang='lat' dir='ltr'>poterir1).</span> 
     </span>
    </p>

    <p class='ocr_par' dir='ltr' id='par_1_3' title="bbox 474 1270 2035 1826">
     <span class='ocr_line' id='line_1_12' title="bbox 532 1270 2034 1330; baseline -0.003 -12"><span class='ocrx_word' id='word_1_79' title='bbox 532 1276 713 1330; x_wconf 78' lang='lat' dir='ltr'>Mytlius</span> <span class='ocrx_word' id='word_1_80' title='bbox 758 1275 875 1316; x_wconf 88' lang='lat' dir='ltr'>enim</span> <span class='ocrx_word' id='word_1_81' title='bbox 912 1273 1049 1315; x_wconf 87' lang='lat' dir='ltr'>semel</span> <span class='ocrx_word' id='word_1_82' title='bbox 1086 1275 1229 1323; x_wconf 82' lang='lat' dir='ltr'>natus,</span> <span class='ocrx_word' id='word_1_83' title='bbox 1265 1284 1538 1326; x_wconf 89' lang='lat' dir='ltr'>quamquam</span> <span class='ocrx_word' id='word_1_84' title='bbox 1575 1283 1653 1326; x_wconf 89' lang='lat' dir='ltr'>per</span> <span class='ocrx_word' id='word_1_85' title='bbox 1686 1272 1821 1326; x_wconf 86' lang='lat' dir='ltr'>longa</span> <span class='ocrx_word' id='word_1_86' title='bbox 1853 1270 2034 1313; x_wconf 89' lang='lat' dir='ltr'>saecula</span> 
     </span>
     <span class='ocr_line' id='line_1_13' title="bbox 475 1342 2034 1399; baseline -0.004 -10"><span class='ocrx_word' id='word_1_87' title='bbox 475 1349 664 1389; x_wconf 91' lang='lat' dir='ltr'>mutatur</span> <span class='ocrx_word' id='word_1_88' title='bbox 711 1348 844 1399; x_wconf 87' lang='lat' dir='ltr'>atque</span> <span class='ocrx_word' id='word_1_89' title='bbox 894 1356 972 1398; x_wconf 90' lang='lat' dir='ltr'>per</span> <span class='ocrx_word' id='word_1_90' title='bbox 1018 1348 1157 1385; x_wconf 85' lang='lat' dir='ltr'>terras</span> <span class='ocrx_word' id='word_1_91' title='bbox 1206 1343 1365 1384; x_wconf 88' lang='lat' dir='ltr'>volans</span> <span class='ocrx_word' id='word_1_92' title='bbox 1414 1344 1572 1396; x_wconf 87' lang='lat' dir='ltr'>partim</span> <span class='ocrx_word' id='word_1_93' title='bbox 1607 1344 1794 1397; x_wconf 82' lang='lat' dir='ltr'>augetur</span> <span class='ocrx_word' id='word_1_94' title='bbox 1825 1342 2034 1395; x_wconf 91' lang='lat' dir='ltr'>viresque</span> 
     </span>
     <span class='ocr_line' id='line_1_14' title="bbox 474 1413 2035 1471; baseline -0.003 -12"><span class='ocrx_word' id='word_1_95' title='bbox 474 1417 668 1471; x_wconf 79' lang='lat' dir='ltr'>adquirit</span> <span class='ocrx_word' id='word_1_96' title='bbox 725 1416 889 1464; x_wconf 85' lang='lat' dir='ltr'>eundo,</span> <span class='ocrx_word' id='word_1_97' title='bbox 949 1415 1108 1468; x_wconf 82' lang='lat' dir='ltr'>partim</span> <span class='ocrx_word' id='word_1_98' title='bbox 1169 1414 1445 1455; x_wconf 82' lang='lat' dir='ltr'>imminuitur</span> <span class='ocrx_word' id='word_1_99' title='bbox 1495 1413 1780 1466; x_wconf 88' lang='lat' dir='ltr'>carpiturque</span> <span class='ocrx_word' id='word_1_100' title='bbox 1834 1415 2035 1466; x_wconf 90' lang='lat' dir='ltr'>tempore</span> 
     </span>
     <span class='ocr_line' id='line_1_15' title="bbox 474 1483 2034 1540; baseline -0.004 -10"><span class='ocrx_word' id='word_1_101' title='bbox 474 1489 615 1537; x_wconf 81' lang='lat' dir='ltr'>edaci,</span> <span class='ocrx_word' id='word_1_102' title='bbox 649 1498 828 1540; x_wconf 81' lang='lat' dir='ltr'>semper</span> <span class='ocrx_word' id='word_1_103' title='bbox 860 1488 1007 1527; x_wconf 87' lang='lat' dir='ltr'>tamen</span> <span class='ocrx_word' id='word_1_104' title='bbox 1042 1489 1170 1526; x_wconf 82' lang='lat' dir='ltr'>vetus</span> <span class='ocrx_word' id='word_1_105' title='bbox 1205 1485 1340 1526; x_wconf 85' lang='lat' dir='ltr'>robur</span> <span class='ocrx_word' id='word_1_106' title='bbox 1372 1483 1602 1537; x_wconf 86' lang='lat' dir='ltr'>quoddam</span> <span class='ocrx_word' id='word_1_107' title='bbox 1633 1483 1844 1525; x_wconf 86' lang='lat' dir='ltr'>intactum</span> <span class='ocrx_word' id='word_1_108' title='bbox 1865 1483 2034 1532; x_wconf 89' lang='lat' dir='ltr'>retinet,</span> 
     </span>
     <span class='ocr_line' id='line_1_16' title="bbox 474 1553 2035 1612; baseline -0.004 -12"><span class='ocrx_word' id='word_1_109' title='bbox 474 1559 596 1612; x_wconf 88' lang='lat' dir='ltr'>quod</span> <span class='ocrx_word' id='word_1_110' title='bbox 632 1559 667 1600; x_wconf 86' lang='lat' dir='ltr'>si</span> <span class='ocrx_word' id='word_1_111' title='bbox 704 1557 842 1599; x_wconf 89' lang='lat' dir='ltr'>semel</span> <span class='ocrx_word' id='word_1_112' title='bbox 878 1557 1163 1597; x_wconf 83' lang='lat' dir='ltr'>observatum</span> <span class='ocrx_word' id='word_1_113' title='bbox 1200 1554 1481 1597; x_wconf 86' lang='lat' dir='ltr'>saeculorum</span> <span class='ocrx_word' id='word_1_114' title='bbox 1527 1566 1605 1608; x_wconf 91' lang='lat' dir='ltr'>per</span> <span class='ocrx_word' id='word_1_115' title='bbox 1637 1554 1797 1595; x_wconf 90' lang='lat' dir='ltr'>seriem</span> <span class='ocrx_word' id='word_1_116' title='bbox 1834 1553 2035 1608; x_wconf 83' lang='lat' dir='ltr'>pressius</span> 
     </span>
     <span class='ocr_line' id='line_1_17' title="bbox 475 1625 2034 1678; baseline -0.004 -7"><span class='ocrx_word' id='word_1_117' title='bbox 475 1631 709 1678; x_wconf 80' lang='lat' dir='ltr'>intuemur,</span> <span class='ocrx_word' id='word_1_118' title='bbox 739 1630 783 1670; x_wconf 90' lang='lat' dir='ltr'>ut</span> <span class='ocrx_word' id='word_1_119' title='bbox 811 1628 866 1668; x_wconf 86' lang='lat' dir='ltr'>ad</span> <span class='ocrx_word' id='word_1_120' title='bbox 897 1628 1095 1668; x_wconf 87' lang='lat' dir='ltr'>naturam</span> <span class='ocrx_word' id='word_1_121' title='bbox 1117 1626 1215 1668; x_wconf 88' lang='lat' dir='ltr'>eius</span> <span class='ocrx_word' id='word_1_122' title='bbox 1235 1628 1275 1667; x_wconf 90' lang='lat' dir='ltr'>et</span> <span class='ocrx_word' id='word_1_123' title='bbox 1295 1625 1493 1667; x_wconf 91' lang='lat' dir='ltr'>indolem</span> <span class='ocrx_word' id='word_1_124' title='bbox 1514 1625 1713 1666; x_wconf 83' lang='lat' dir='ltr'>intimam</span> <span class='ocrx_word' id='word_1_125' title='bbox 1735 1626 2034 1678; x_wconf 81' lang='lat' dir='ltr'>penetremus,</span> 
     </span>
     <span class='ocr_line' id='line_1_18' title="bbox 474 1695 2034 1751; baseline -0.004 -8"><span class='ocrx_word' id='word_1_126' title='bbox 474 1702 529 1743; x_wconf 89' lang='lat' dir='ltr'>ad</span> <span class='ocrx_word' id='word_1_127' title='bbox 564 1700 730 1742; x_wconf 89' lang='lat' dir='ltr'>cultum</span> <span class='ocrx_word' id='word_1_128' title='bbox 766 1699 993 1751; x_wconf 82' lang='lat' dir='ltr'>quendam</span> <span class='ocrx_word' id='word_1_129' title='bbox 1029 1699 1222 1739; x_wconf 88' lang='lat' dir='ltr'>veterem</span> <span class='ocrx_word' id='word_1_130' title='bbox 1258 1696 1326 1738; x_wconf 82' lang='lat' dir='ltr'>vel</span> <span class='ocrx_word' id='word_1_131' title='bbox 1362 1697 1417 1738; x_wconf 90' lang='lat' dir='ltr'>ad</span> <span class='ocrx_word' id='word_1_132' title='bbox 1462 1697 1607 1749; x_wconf 84' lang='lat' dir='ltr'>ipsam</span> <span class='ocrx_word' id='word_1_133' title='bbox 1643 1695 1778 1749; x_wconf 87' lang='lat' dir='ltr'>mythi</span> <span class='ocrx_word' id='word_1_134' title='bbox 1815 1695 2034 1749; x_wconf 87' lang='lat' dir='ltr'>originem</span> 
     </span>
     <span class='ocr_line' id='line_1_19' title="bbox 474 1767 1299 1826; baseline -0.007 -12"><span class='ocrx_word' id='word_1_135' title='bbox 474 1771 707 1826; x_wconf 86' lang='lat' dir='ltr'>pervenire</span> <span class='ocrx_word' id='word_1_136' title='bbox 740 1769 930 1810; x_wconf 85' lang='lat' dir='ltr'>fortasse</span> <span class='ocrx_word' id='word_1_137' title='bbox 966 1767 1099 1809; x_wconf 87' lang='lat' dir='ltr'>nobis</span> <span class='ocrx_word' id='word_1_138' title='bbox 1133 1767 1299 1809; x_wconf 86' lang='lat' dir='ltr'>licebit.</span> 
     </span>
    </p>

    <p class='ocr_par' dir='ltr' id='par_1_4' title="bbox 473 1835 2035 2179">
     <span class='ocr_line' id='line_1_20' title="bbox 534 1835 2035 1889; baseline -0.005 -6"><span class='ocrx_word' id='word_1_139' title='bbox 534 1842 654 1883; x_wconf 82' lang='lat' dir='ltr'>Haec</span> <span class='ocrx_word' id='word_1_140' title='bbox 701 1840 920 1882; x_wconf 88' lang='lat' dir='ltr'>elementa</span> <span class='ocrx_word' id='word_1_141' title='bbox 962 1840 1112 1880; x_wconf 87' lang='lat' dir='ltr'>vetera</span> <span class='ocrx_word' id='word_1_142' title='bbox 1155 1849 1179 1879; x_wconf 90' lang='lat' dir='ltr'>a</span> <span class='ocrx_word' id='word_1_143' title='bbox 1222 1836 1548 1879; x_wconf 89' lang='lat' dir='ltr'>recentioribus</span> <span class='ocrx_word' id='word_1_144' title='bbox 1593 1836 1895 1878; x_wconf 87' lang='lat' dir='ltr'>internoscere</span> <span class='ocrx_word' id='word_1_145' title='bbox 1939 1835 2035 1889; x_wconf 93' lang='lat' dir='ltr'>ple-</span> 
     </span>
     <span class='ocr_line' id='line_1_21' title="bbox 474 1905 2035 1966; baseline -0.006 -11"><span class='ocrx_word' id='word_1_146' title='bbox 474 1923 661 1966; x_wconf 90' lang='lat' dir='ltr'>rumque</span> <span class='ocrx_word' id='word_1_147' title='bbox 696 1910 892 1959; x_wconf 78' lang='lat' dir='ltr'>difficile,</span> <span class='ocrx_word' id='word_1_148' title='bbox 926 1920 1064 1962; x_wconf 89' lang='lat' dir='ltr'>saepe</span> <span class='ocrx_word' id='word_1_149' title='bbox 1099 1909 1308 1948; x_wconf 66' lang='grc' dir='ltr'><em>ἀδύνατοι)</em></span> <span class='ocrx_word' id='word_1_150' title='bbox 1353 1907 1445 1949; x_wconf 90' lang='lat' dir='ltr'>erit.</span> <span class='ocrx_word' id='word_1_151' title='bbox 1495 1906 1651 1949; x_wconf 86' lang='lat' dir='ltr'>Multis</span> <span class='ocrx_word' id='word_1_152' title='bbox 1694 1907 1812 1949; x_wconf 87' lang='lat' dir='ltr'>enim</span> <span class='ocrx_word' id='word_1_153' title='bbox 1858 1905 2035 1948; x_wconf 88' lang='lat' dir='ltr'>mutati-</span> 
     </span>
     <span class='ocr_line' id='line_1_22' title="bbox 473 1979 2033 2035; baseline -0.004 -10"><span class='ocrx_word' id='word_1_154' title='bbox 473 1984 639 2025; x_wconf 84' lang='lat' dir='ltr'>onibus</span> <span class='ocrx_word' id='word_1_155' title='bbox 692 1982 828 2035; x_wconf 73' lang='lat' dir='ltr'>mytlii</span> <span class='ocrx_word' id='word_1_156' title='bbox 886 1980 1071 2021; x_wconf 89' lang='lat' dir='ltr'>obnoxii</span> <span class='ocrx_word' id='word_1_157' title='bbox 1130 1982 1246 2029; x_wconf 85' lang='lat' dir='ltr'>sunt,</span> <span class='ocrx_word' id='word_1_158' title='bbox 1306 1989 1421 2031; x_wconf 89' lang='lat' dir='ltr'>quae</span> <span class='ocrx_word' id='word_1_159' title='bbox 1480 1981 1775 2031; x_wconf 87' lang='lat' dir='ltr'>conspectum</span> <span class='ocrx_word' id='word_1_160' title='bbox 1835 1979 2033 2018; x_wconf 86' lang='lat' dir='ltr'>nostrum</span> 
     </span>
     <span class='ocr_line' id='line_1_23' title="bbox 473 2047 2035 2108; baseline -0.005 -12"><span class='ocrx_word' id='word_1_161' title='bbox 473 2055 669 2108; x_wconf 81' lang='lat' dir='ltr'>fugiunt;</span> <span class='ocrx_word' id='word_1_162' title='bbox 720 2064 796 2094; x_wconf 88' lang='lat' dir='ltr'>eas</span> <span class='ocrx_word' id='word_1_163' title='bbox 845 2052 964 2101; x_wconf 89' lang='lat' dir='ltr'>volo,</span> <span class='ocrx_word' id='word_1_164' title='bbox 1015 2061 1129 2103; x_wconf 89' lang='lat' dir='ltr'>quas</span> <span class='ocrx_word' id='word_1_165' title='bbox 1179 2050 1278 2103; x_wconf 90' lang='lat' dir='ltr'>ipsa</span> <span class='ocrx_word' id='word_1_166' title='bbox 1322 2049 1572 2102; x_wconf 86' lang='lat' dir='ltr'>mythorum</span> <span class='ocrx_word' id='word_1_167' title='bbox 1617 2048 1844 2090; x_wconf 87' lang='lat' dir='ltr'>mobilitas</span> <span class='ocrx_word' id='word_1_168' title='bbox 1888 2047 2035 2097; x_wconf 77' lang='lat' dir='ltr'>efficit,</span> 
     </span>
     <span class='ocr_line' id='line_1_24' title="bbox 474 2118 1948 2179; baseline -0.005 -13"><span class='ocrx_word' id='word_1_169' title='bbox 474 2126 645 2179; x_wconf 88' lang='lat' dir='ltr'>quippe</span> <span class='ocrx_word' id='word_1_170' title='bbox 680 2124 755 2177; x_wconf 90' lang='lat' dir='ltr'>qui</span> <span class='ocrx_word' id='word_1_171' title='bbox 792 2134 870 2176; x_wconf 91' lang='lat' dir='ltr'>per</span> <span class='ocrx_word' id='word_1_172' title='bbox 902 2124 1040 2163; x_wconf 82' lang='lat' dir='ltr'>terras</span> <span class='ocrx_word' id='word_1_173' title='bbox 1073 2132 1211 2174; x_wconf 89' lang='lat' dir='ltr'>saepe</span> <span class='ocrx_word' id='word_1_174' title='bbox 1244 2121 1461 2174; x_wconf 86' lang='lat' dir='ltr'>vagantur</span> <span class='ocrx_word' id='word_1_175' title='bbox 1495 2121 1536 2161; x_wconf 91' lang='lat' dir='ltr'>et</span> <span class='ocrx_word' id='word_1_176' title='bbox 1569 2130 1648 2173; x_wconf 91' lang='lat' dir='ltr'>per</span> <span class='ocrx_word' id='word_1_177' title='bbox 1676 2118 1874 2172; x_wconf 89' lang='lat' dir='ltr'>populos</span> <span class='ocrx_word' id='word_1_178' title='bbox 1907 2119 1948 2160; x_wconf 94' lang='lat' dir='ltr'>et</span> 
     </span>
    </p>
   </div>
   <div class='ocr_carea' id='block_1_2' title="bbox 651 2207 1886 2332">
    <p class='ocr_par' dir='ltr' id='par_1_5' title="bbox 651 2207 1886 2332">
     <span class='ocr_line' id='line_1_25' title="bbox 654 2207 1706 2263; baseline -0.006 -10"><span class='ocrx_word' id='word_1_179' title='bbox 654 2212 725 2263; x_wconf 77' lang='lat' dir='ltr'>„hi</span> <span class='ocrx_word' id='word_1_180' title='bbox 762 2212 934 2252; x_wconf 89' lang='lat' dir='ltr'>narrata</span> <span class='ocrx_word' id='word_1_181' title='bbox 966 2209 1113 2252; x_wconf 89' lang='lat' dir='ltr'>ferunt</span> <span class='ocrx_word' id='word_1_182' title='bbox 1145 2209 1249 2258; x_wconf 89' lang='lat' dir='ltr'>alio,</span> <span class='ocrx_word' id='word_1_183' title='bbox 1284 2218 1585 2260; x_wconf 88' lang='lat' dir='ltr'>mensuraque</span> <span class='ocrx_word' id='word_1_184' title='bbox 1618 2207 1706 2248; x_wconf 86' lang='lat' dir='ltr'>ficti</span> 
     </span>
     <span class='ocr_line' id='line_1_26' title="bbox 651 2275 1886 2332; baseline -0.005 -8"><span class='ocrx_word' id='word_1_185' title='bbox 651 2282 824 2331; x_wconf 89' lang='lat' dir='ltr'>crescit,</span> <span class='ocrx_word' id='word_1_186' title='bbox 860 2283 901 2322; x_wconf 82' lang='lat' dir='ltr'>et</span> <span class='ocrx_word' id='word_1_187' title='bbox 935 2280 1101 2322; x_wconf 87' lang='lat' dir='ltr'>auditis</span> <span class='ocrx_word' id='word_1_188' title='bbox 1135 2278 1307 2332; x_wconf 89' lang='lat' dir='ltr'>aliquid</span> <span class='ocrx_word' id='word_1_189' title='bbox 1343 2288 1488 2319; x_wconf 90' lang='lat' dir='ltr'>novus</span> <span class='ocrx_word' id='word_1_190' title='bbox 1521 2277 1658 2319; x_wconf 87' lang='lat' dir='ltr'>adicit</span> <span class='ocrx_word' id='word_1_191' title='bbox 1691 2275 1886 2319; x_wconf 86' lang='lat' dir='ltr'>auctor.’&#39;</span> 
     </span>
    </p>
   </div>
   <div class='ocr_carea' id='block_1_3' title="bbox 475 2365 2037 2567">
    <p class='ocr_par' dir='ltr' id='par_1_6' title="bbox 475 2365 2037 2567">
     <span class='ocr_line' id='line_1_27' title="bbox 534 2365 2035 2425; baseline -0.005 -12"><span class='ocrx_word' id='word_1_192' title='bbox 534 2373 584 2413; x_wconf 60' lang='lat' dir='ltr'>stit</span> <span class='ocrx_word' id='word_1_193' title='bbox 620 2373 792 2425; x_wconf 85' lang='lat' dir='ltr'>praeter</span> <span class='ocrx_word' id='word_1_194' title='bbox 826 2371 907 2411; x_wconf 75' lang='lat' dir='ltr'>lias</span> <span class='ocrx_word' id='word_1_195' title='bbox 942 2369 1213 2410; x_wconf 85' lang='lat' dir='ltr'>mutationes</span> <span class='ocrx_word' id='word_1_196' title='bbox 1246 2366 1540 2408; x_wconf 86' lang='lat' dir='ltr'>absconditas</span> <span class='ocrx_word' id='word_1_197' title='bbox 1569 2376 1684 2419; x_wconf 93' lang='lat' dir='ltr'>quae</span> <span class='ocrx_word' id='word_1_198' title='bbox 1714 2376 1767 2406; x_wconf 90' lang='lat' dir='ltr'>ex</span> <span class='ocrx_word' id='word_1_199' title='bbox 1786 2365 2035 2418; x_wconf 87' lang='lat' dir='ltr'>mythorum</span> 
     </span>
     <span class='ocr_line' id='line_1_28' title="bbox 475 2434 2037 2496; baseline -0.006 -11"><span class='ocrx_word' id='word_1_200' title='bbox 475 2453 716 2496; x_wconf 79' lang='lat' dir='ltr'>progressu</span> <span class='ocrx_word' id='word_1_201' title='bbox 766 2442 928 2494; x_wconf 80' lang='lat' dir='ltr'>sponte</span> <span class='ocrx_word' id='word_1_202' title='bbox 979 2439 1191 2485; x_wconf 81' lang='lat' dir='ltr'>oriuntur,</span> <span class='ocrx_word' id='word_1_203' title='bbox 1256 2437 1369 2478; x_wconf 88' lang='lat' dir='ltr'>aliae</span> <span class='ocrx_word' id='word_1_204' title='bbox 1430 2438 1532 2477; x_wconf 86' lang='lat' dir='ltr'>sunt</span> <span class='ocrx_word' id='word_1_205' title='bbox 1590 2435 1752 2477; x_wconf 85' lang='lat' dir='ltr'>multae</span> <span class='ocrx_word' id='word_1_206' title='bbox 1810 2434 2037 2476; x_wconf 86' lang='lat' dir='ltr'>faciliores</span> 
     </span>
     <span class='ocr_line' id='line_1_29' title="bbox 475 2504 2036 2567; baseline -0.006 -12"><span class='ocrx_word' id='word_1_207' title='bbox 475 2514 713 2567; x_wconf 82' lang='lat' dir='ltr'>explicatu,</span> <span class='ocrx_word' id='word_1_208' title='bbox 749 2522 862 2564; x_wconf 89' lang='lat' dir='ltr'>quas</span> <span class='ocrx_word' id='word_1_209' title='bbox 897 2510 1103 2551; x_wconf 85' lang='lat' dir='ltr'>homines</span> <span class='ocrx_word' id='word_1_210' title='bbox 1137 2507 1346 2550; x_wconf 92' lang='lat' dir='ltr'>consulto</span> <span class='ocrx_word' id='word_1_211' title='bbox 1381 2506 1633 2555; x_wconf 87' lang='lat' dir='ltr'>attulerunt,</span> <span class='ocrx_word' id='word_1_212' title='bbox 1663 2505 1798 2546; x_wconf 91' lang='lat' dir='ltr'>modo</span> <span class='ocrx_word' id='word_1_213' title='bbox 1818 2504 2036 2546; x_wconf 87' lang='lat' dir='ltr'>addentes</span> 
     </span>
    </p>
   </div>
   <div class='ocr_carea' id='block_1_4' title="bbox 473 2641 2033 2743">
    <p class='ocr_par' dir='ltr' id='par_1_7' title="bbox 473 2641 2033 2743">
     <span class='ocr_line' id='line_1_30' title="bbox 518 2641 2033 2691; baseline -0.007 -9"><span class='ocrx_word' id='word_1_214' title='bbox 518 2651 634 2691; x_wconf 79' lang='lat' dir='ltr'>l)Vid.</span> <span class='ocrx_word' id='word_1_215' title='bbox 658 2651 820 2687; x_wconf 65' lang='lat' dir='ltr'>Toutnin,</span> <span class='ocrx_word' id='word_1_216' title='bbox 845 2650 862 2680; x_wconf 94' lang='grc'>1.</span> <span class='ocrx_word' id='word_1_217' title='bbox 889 2649 906 2680; x_wconf 83' lang='lat' dir='ltr'>l.</span> <span class='ocrx_word' id='word_1_218' title='bbox 932 2656 967 2687; x_wconf 83' lang='lat' dir='ltr'>p.</span> <span class='ocrx_word' id='word_1_219' title='bbox 987 2648 1047 2679; x_wconf 80' lang='lat'>83:</span> <span class='ocrx_word' id='word_1_220' title='bbox 1074 2647 1138 2685; x_wconf 80' lang='lat' dir='ltr'>„La</span> <span class='ocrx_word' id='word_1_221' title='bbox 1163 2645 1327 2686; x_wconf 82' lang='lat' dir='ltr'>synthese</span> <span class='ocrx_word' id='word_1_222' title='bbox 1352 2652 1394 2676; x_wconf 88' lang='lat' dir='ltr'>ne</span> <span class='ocrx_word' id='word_1_223' title='bbox 1419 2651 1544 2683; x_wconf 77' lang='lat' dir='ltr'>pourra</span> <span class='ocrx_word' id='word_1_224' title='bbox 1569 2644 1637 2675; x_wconf 80' lang='lat' dir='ltr'>etre</span> <span class='ocrx_word' id='word_1_225' title='bbox 1660 2643 1741 2674; x_wconf 84' lang='lat' dir='ltr'>faite</span> <span class='ocrx_word' id='word_1_226' title='bbox 1765 2650 1832 2682; x_wconf 85' lang='lat' dir='ltr'>que</span> <span class='ocrx_word' id='word_1_227' title='bbox 1857 2642 1935 2682; x_wconf 87' lang='lat' dir='ltr'>plus</span> <span class='ocrx_word' id='word_1_228' title='bbox 1959 2641 2033 2673; x_wconf 79' lang='lat' dir='ltr'>tard</span> 
     </span>
     <span class='ocr_line' id='line_1_31' title="bbox 473 2698 1344 2743; baseline -0.006 -9"><span class='ocrx_word' id='word_1_229' title='bbox 473 2713 532 2743; x_wconf 80' lang='lat' dir='ltr'>par</span> <span class='ocrx_word' id='word_1_230' title='bbox 558 2703 681 2736; x_wconf 75' lang='lat' dir='ltr'>l&#39;etude</span> <span class='ocrx_word' id='word_1_231' title='bbox 705 2702 941 2741; x_wconf 82' lang='lat' dir='ltr'>comparative</span> <span class='ocrx_word' id='word_1_232' title='bbox 967 2701 1030 2732; x_wconf 74' lang='lat' dir='ltr'>des</span> <span class='ocrx_word' id='word_1_233' title='bbox 1054 2700 1164 2732; x_wconf 84' lang='lat' dir='ltr'>cultes</span> <span class='ocrx_word' id='word_1_234' title='bbox 1188 2698 1344 2730; x_wconf 86' lang='lat' dir='ltr'>locaux&#39;&#39;.</span> 
     </span>
    </p>
   </div>
   <div class='ocr_carea' id='block_1_5' title="bbox 474 2808 498 2848">
    <p class='ocr_par' dir='ltr' id='par_1_8' title="bbox 474 2808 498 2848">
     <span class='ocr_line' id='line_1_32' title="bbox 474 2808 498 2848; baseline 0 0"><span class='ocrx_word' id='word_1_235' title='bbox 474 2808 498 2848; x_wconf 88' lang='lat'>2</span> 
     </span>
    </p>
   </div>
  </div>
 </body>
</html>
