<?xml version="1.0" encoding="UTF-8"?>
<!DOCTYPE html PUBLIC "-//W3C//DTD XHTML 1.0 Transitional//EN"
    "http://www.w3.org/TR/xhtml1/DTD/xhtml1-transitional.dtd">
<html xmlns="http://www.w3.org/1999/xhtml" xml:lang="en" lang="en">
 <head>
  <title>
</title>
<meta http-equiv="Content-Type" content="text/html;charset=utf-8" />
  <meta name='ocr-system' content='tesseract 3.04.00' />
  <meta name='ocr-capabilities' content='ocr_page ocr_carea ocr_par ocr_line ocrx_word'/>
</head>
<body>
  <div class='ocr_page' id='page_1' title='image "./erechtheusetthes00schwuoft_0030.png"; bbox 0 0 2174 3374; ppageno 0'>
   <div class='ocr_carea' id='block_1_1' title="bbox 436 512 2054 2617">
    <p class='ocr_par' dir='ltr' id='par_1_1' title="bbox 538 512 2041 555">
     <span class='ocr_line' id='line_1_1' title="bbox 538 512 2041 555; baseline 0 -1"><span class='ocrx_word' id='word_1_1' title='bbox 538 512 633 554; x_wconf 84' lang='lat' dir='ltr'>Hoc</span> <span class='ocrx_word' id='word_1_2' title='bbox 676 512 985 555; x_wconf 87' lang='lat' dir='ltr'>vetustissimo</span> <span class='ocrx_word' id='word_1_3' title='bbox 1030 512 1135 554; x_wconf 88' lang='lat' dir='ltr'>belli</span> <span class='ocrx_word' id='word_1_4' title='bbox 1181 512 1396 554; x_wconf 89' lang='lat' dir='ltr'>Eleusinii</span> <span class='ocrx_word' id='word_1_5' title='bbox 1431 513 1689 555; x_wconf 88' lang='lat' dir='ltr'>testimonio</span> <span class='ocrx_word' id='word_1_6' title='bbox 1724 512 1902 555; x_wconf 90' lang='lat' dir='ltr'>sublato</span> <span class='ocrx_word' id='word_1_7' title='bbox 1937 512 2041 555; x_wconf 90' lang='lat' dir='ltr'>licet</span> 
     </span>
    </p>

    <p class='ocr_par' dir='ltr' id='par_1_2' title="bbox 436 582 2046 1275">
     <span class='ocr_line' id='line_1_2' title="bbox 477 582 2040 637; baseline 0 -12"><span class='ocrx_word' id='word_1_8' title='bbox 477 584 660 636; x_wconf 87' lang='lat' dir='ltr'>quidem</span> <span class='ocrx_word' id='word_1_9' title='bbox 680 583 901 636; x_wconf 88' lang='lat' dir='ltr'>suspicari</span> <span class='ocrx_word' id='word_1_10' title='bbox 923 583 1068 624; x_wconf 90' lang='lat' dir='ltr'>nosin</span> <span class='ocrx_word' id='word_1_11' title='bbox 1107 582 1411 633; x_wconf 83' lang='lat' dir='ltr'>„Erechtheo”</span> <span class='ocrx_word' id='word_1_12' title='bbox 1447 583 1702 637; x_wconf 88' lang='lat' dir='ltr'>primariam</span> <span class='ocrx_word' id='word_1_13' title='bbox 1737 582 1916 625; x_wconf 89' lang='lat' dir='ltr'>fabulae</span> <span class='ocrx_word' id='word_1_14' title='bbox 1949 583 2040 625; x_wconf 86' lang='lat' dir='ltr'>for-</span> 
     </span>
     <span class='ocr_line' id='line_1_3' title="bbox 480 653 2040 708; baseline 0.001 -14"><span class='ocrx_word' id='word_1_15' title='bbox 480 665 595 695; x_wconf 93' lang='lat' dir='ltr'>mam</span> <span class='ocrx_word' id='word_1_16' title='bbox 628 656 728 695; x_wconf 92' lang='lat' dir='ltr'>ante</span> <span class='ocrx_word' id='word_1_17' title='bbox 763 654 922 696; x_wconf 94' lang='lat' dir='ltr'>oculos</span> <span class='ocrx_word' id='word_1_18' title='bbox 957 654 1121 695; x_wconf 89' lang='lat' dir='ltr'>habere</span> <span class='ocrx_word' id='word_1_19' title='bbox 1155 655 1197 695; x_wconf 92' lang='lat' dir='ltr'>et</span> <span class='ocrx_word' id='word_1_20' title='bbox 1227 653 1485 707; x_wconf 83' lang='lat' dir='ltr'>Euripidem</span> <span class='ocrx_word' id='word_1_21' title='bbox 1514 653 1711 696; x_wconf 83' lang='lat' dir='ltr'>fabulam</span> <span class='ocrx_word' id='word_1_22' title='bbox 1741 654 1796 696; x_wconf 94' lang='lat' dir='ltr'>de</span> <span class='ocrx_word' id='word_1_23' title='bbox 1816 653 2040 708; x_wconf 85' lang='lat' dir='ltr'>Eumolpo</span> 
     </span>
     <span class='ocr_line' id='line_1_4' title="bbox 481 724 2042 778; baseline 0 -12"><span class='ocrx_word' id='word_1_24' title='bbox 481 724 810 766; x_wconf 90' lang='lat' dir='ltr'>Eleusiniorum</span> <span class='ocrx_word' id='word_1_25' title='bbox 857 724 970 766; x_wconf 91' lang='lat' dir='ltr'>duce</span> <span class='ocrx_word' id='word_1_26' title='bbox 1016 726 1291 778; x_wconf 84' lang='lat' dir='ltr'>compertam</span> <span class='ocrx_word' id='word_1_27' title='bbox 1337 736 1426 766; x_wconf 93' lang='lat' dir='ltr'>non</span> <span class='ocrx_word' id='word_1_28' title='bbox 1472 724 1701 775; x_wconf 83' lang='lat' dir='ltr'>habuisse,</span> <span class='ocrx_word' id='word_1_29' title='bbox 1745 724 1825 766; x_wconf 93' lang='lat' dir='ltr'>sed</span> <span class='ocrx_word' id='word_1_30' title='bbox 1860 724 2042 766; x_wconf 88' lang='lat' dir='ltr'>serioris</span> 
     </span>
     <span class='ocr_line' id='line_1_5' title="bbox 481 794 2042 850; baseline 0 -14"><span class='ocrx_word' id='word_1_31' title='bbox 481 796 659 838; x_wconf 92' lang='lat' dir='ltr'>demum</span> <span class='ocrx_word' id='word_1_32' title='bbox 705 796 863 838; x_wconf 89' lang='lat' dir='ltr'>aetatis</span> <span class='ocrx_word' id='word_1_33' title='bbox 906 795 1165 850; x_wconf 84' lang='lat' dir='ltr'>scriptores,</span> <span class='ocrx_word' id='word_1_34' title='bbox 1210 794 1418 848; x_wconf 85' lang='lat' dir='ltr'>Eumolpi</span> <span class='ocrx_word' id='word_1_35' title='bbox 1455 795 1635 837; x_wconf 91' lang='lat' dir='ltr'>nomine</span> <span class='ocrx_word' id='word_1_36' title='bbox 1671 795 1713 837; x_wconf 93' lang='lat' dir='ltr'>in</span> <span class='ocrx_word' id='word_1_37' title='bbox 1748 806 1941 838; x_wconf 90' lang='lat' dir='ltr'>errorem</span> <span class='ocrx_word' id='word_1_38' title='bbox 1975 795 2042 836; x_wconf 94' lang='lat' dir='ltr'>in-</span> 
     </span>
     <span class='ocr_line' id='line_1_6' title="bbox 481 865 2043 917; baseline 0 -9"><span class='ocrx_word' id='word_1_39' title='bbox 481 867 656 917; x_wconf 89' lang='lat' dir='ltr'>ductos,</span> <span class='ocrx_word' id='word_1_40' title='bbox 692 867 852 908; x_wconf 88' lang='lat' dir='ltr'>iniuria</span> <span class='ocrx_word' id='word_1_41' title='bbox 886 866 1143 908; x_wconf 83' lang='lat' dir='ltr'>Eleusinios</span> <span class='ocrx_word' id='word_1_42' title='bbox 1177 877 1277 908; x_wconf 92' lang='lat' dir='ltr'>cum</span> <span class='ocrx_word' id='word_1_43' title='bbox 1312 865 1465 908; x_wconf 85' lang='lat' dir='ltr'>fabula</span> <span class='ocrx_word' id='word_1_44' title='bbox 1497 866 1792 908; x_wconf 88' lang='lat' dir='ltr'>coniunxisse</span> <span class='ocrx_word' id='word_1_45' title='bbox 1826 870 1868 908; x_wconf 89' lang='lat' dir='ltr'>et</span> <span class='ocrx_word' id='word_1_46' title='bbox 1895 866 2043 908; x_wconf 88' lang='lat' dir='ltr'>socie-</span> 
     </span>
     <span class='ocr_line' id='line_1_7' title="bbox 436 931 1410 980; baseline 0 -1"><span class='ocrx_word' id='word_1_47' title='bbox 436 931 447 939; x_wconf 58' lang='grc'>“”</span> <span class='ocrx_word' id='word_1_48' title='bbox 481 939 613 980; x_wconf 89' lang='lat' dir='ltr'>tatem</span> <span class='ocrx_word' id='word_1_49' title='bbox 648 938 760 980; x_wconf 92' lang='lat' dir='ltr'>inter</span> <span class='ocrx_word' id='word_1_50' title='bbox 792 948 872 980; x_wconf 91' lang='lat' dir='ltr'>eos</span> <span class='ocrx_word' id='word_1_51' title='bbox 907 939 948 980; x_wconf 93' lang='lat' dir='ltr'>et</span> <span class='ocrx_word' id='word_1_52' title='bbox 980 937 1179 980; x_wconf 90' lang='lat' dir='ltr'>Thraces</span> <span class='ocrx_word' id='word_1_53' title='bbox 1211 937 1410 979; x_wconf 84' lang='lat' dir='ltr'>finxisse.</span> 
     </span>
     <span class='ocr_line' id='line_1_8' title="bbox 466 1007 2043 1062; baseline -0.001 -12"><span class='ocrx_word' id='word_1_54' title='bbox 466 1014 468 1017; x_wconf 79' lang='grc'><em>·</em></span> <span class='ocrx_word' id='word_1_55' title='bbox 541 1007 630 1051; x_wconf 85' lang='lat' dir='ltr'>Sed</span> <span class='ocrx_word' id='word_1_56' title='bbox 663 1009 861 1050; x_wconf 84' lang='lat' dir='ltr'>fabulam</span> <span class='ocrx_word' id='word_1_57' title='bbox 896 1008 1104 1062; x_wconf 84' lang='lat' dir='ltr'>Eumolpi</span> <span class='ocrx_word' id='word_1_58' title='bbox 1140 1020 1240 1051; x_wconf 91' lang='lat' dir='ltr'>cum</span> <span class='ocrx_word' id='word_1_59' title='bbox 1285 1008 1528 1051; x_wconf 86' lang='lat' dir='ltr'>Eleusiniis</span> <span class='ocrx_word' id='word_1_60' title='bbox 1561 1009 1714 1050; x_wconf 91' lang='lat' dir='ltr'>contra</span> <span class='ocrx_word' id='word_1_61' title='bbox 1748 1007 2043 1050; x_wconf 86' lang='lat' dir='ltr'>Erechtheum</span> 
     </span>
     <span class='ocr_line' id='line_1_9' title="bbox 483 1078 2046 1134; baseline -0.001 -13"><span class='ocrx_word' id='word_1_62' title='bbox 483 1080 693 1122; x_wconf 87' lang='lat' dir='ltr'>bellantis</span> <span class='ocrx_word' id='word_1_63' title='bbox 726 1082 840 1125; x_wconf 74' lang='lat' dir='ltr'>vante</span> <span class='ocrx_word' id='word_1_64' title='bbox 890 1079 1148 1134; x_wconf 88' lang='lat' dir='ltr'>Euripidem</span> <span class='ocrx_word' id='word_1_65' title='bbox 1199 1091 1287 1121; x_wconf 92' lang='lat' dir='ltr'>non</span> <span class='ocrx_word' id='word_1_66' title='bbox 1334 1079 1559 1122; x_wconf 86' lang='lat' dir='ltr'>exstitisse</span> <span class='ocrx_word' id='word_1_67' title='bbox 1610 1090 1688 1134; x_wconf 89' lang='lat' dir='ltr'>per</span> <span class='ocrx_word' id='word_1_68' title='bbox 1721 1090 1768 1121; x_wconf 95' lang='lat' dir='ltr'>se</span> <span class='ocrx_word' id='word_1_69' title='bbox 1802 1078 2046 1121; x_wconf 91' lang='lat' dir='ltr'>verisimile</span> 
     </span>
     <span class='ocr_line' id='line_1_10' title="bbox 485 1148 2044 1205; baseline -0.001 -13"><span class='ocrx_word' id='word_1_70' title='bbox 485 1163 572 1192; x_wconf 91' lang='lat' dir='ltr'>non</span> <span class='ocrx_word' id='word_1_71' title='bbox 618 1153 685 1193; x_wconf 91' lang='lat' dir='ltr'>est</span> <span class='ocrx_word' id='word_1_72' title='bbox 728 1153 861 1204; x_wconf 87' lang='lat' dir='ltr'>atque</span> <span class='ocrx_word' id='word_1_73' title='bbox 905 1150 1119 1193; x_wconf 81' lang='lat' dir='ltr'>refellitur</span> <span class='ocrx_word' id='word_1_74' title='bbox 1161 1150 1262 1192; x_wconf 94' lang='lat' dir='ltr'>loco</span> <span class='ocrx_word' id='word_1_75' title='bbox 1306 1150 1602 1205; x_wconf 85' lang='lat' dir='ltr'>Thucydideo</span> <span class='ocrx_word' id='word_1_76' title='bbox 1637 1149 1685 1201; x_wconf 92' lang='lat'>(11</span> <span class='ocrx_word' id='word_1_77' title='bbox 1722 1148 1803 1204; x_wconf 80' lang='lat'>15),</span> <span class='ocrx_word' id='word_1_78' title='bbox 1847 1150 1923 1192; x_wconf 89' lang='lat' dir='ltr'>ubi</span> <span class='ocrx_word' id='word_1_79' title='bbox 1958 1150 2044 1192; x_wconf 88' lang='lat' dir='ltr'>iam</span> 
     </span>
     <span class='ocr_line' id='line_1_11' title="bbox 485 1220 1966 1275; baseline -0.001 -11"><span class='ocrx_word' id='word_1_80' title='bbox 485 1224 891 1264; x_wconf 77' lang='lat' dir='ltr'>commemorantur</span> <span class='ocrx_word' id='word_1_81' title='bbox 925 1221 1186 1262; x_wconf 73' lang='grc' dir='ltr'><em>Ἐλευσίνιοι</em></span> <span class='ocrx_word' id='word_1_82' title='bbox 1218 1220 1305 1273; x_wconf 62' lang='grc' dir='ltr'>μα’</span> <span class='ocrx_word' id='word_1_83' title='bbox 1339 1222 1579 1273; x_wconf 78' lang='grc' dir='ltr'><em>Εὐμόλπου</em></span> <span class='ocrx_word' id='word_1_84' title='bbox 1611 1226 1714 1275; x_wconf 80' lang='grc' dir='ltr'><strong><em>πρὸς</em></strong></span> <span class='ocrx_word' id='word_1_85' title='bbox 1748 1220 1966 1275; x_wconf 73' lang='grc' dir='ltr'><strong><em>Ἐρεχθέα.</em></strong></span> 
     </span>
    </p>

    <p class='ocr_par' dir='ltr' id='par_1_3' title="bbox 484 1290 2053 2331">
     <span class='ocr_line' id='line_1_12' title="bbox 543 1290 2047 1346; baseline -0.001 -12"><span class='ocrx_word' id='word_1_86' title='bbox 543 1292 740 1334; x_wconf 86' lang='lat' dir='ltr'>Breviter</span> <span class='ocrx_word' id='word_1_87' title='bbox 773 1292 1015 1335; x_wconf 92' lang='lat' dir='ltr'>historicus</span> <span class='ocrx_word' id='word_1_88' title='bbox 1047 1292 1132 1334; x_wconf 92' lang='lat' dir='ltr'>hoc</span> <span class='ocrx_word' id='word_1_89' title='bbox 1165 1291 1331 1334; x_wconf 91' lang='lat' dir='ltr'>bellum</span> <span class='ocrx_word' id='word_1_90' title='bbox 1367 1291 1561 1345; x_wconf 88' lang='lat' dir='ltr'>exempli</span> <span class='ocrx_word' id='word_1_91' title='bbox 1595 1291 1735 1346; x_wconf 89' lang='lat' dir='ltr'>gratia</span> <span class='ocrx_word' id='word_1_92' title='bbox 1762 1290 1886 1333; x_wconf 81' lang='lat' dir='ltr'>affert</span> <span class='ocrx_word' id='word_1_93' title='bbox 1913 1292 2047 1344; x_wconf 86' lang='lat' dir='ltr'>atque</span> 
     </span>
     <span class='ocr_line' id='line_1_13' title="bbox 485 1362 2048 1417; baseline -0.002 -11"><span class='ocrx_word' id='word_1_94' title='bbox 485 1364 539 1406; x_wconf 90' lang='lat' dir='ltr'>de</span> <span class='ocrx_word' id='word_1_95' title='bbox 576 1376 629 1405; x_wconf 94' lang='lat' dir='ltr'>eo</span> <span class='ocrx_word' id='word_1_96' title='bbox 664 1364 862 1417; x_wconf 86' lang='lat' dir='ltr'>loquitur</span> <span class='ocrx_word' id='word_1_97' title='bbox 893 1365 1120 1417; x_wconf 81' lang='lat' dir='ltr'>tamquam</span> <span class='ocrx_word' id='word_1_98' title='bbox 1155 1363 1210 1404; x_wconf 90' lang='lat' dir='ltr'>de</span> <span class='ocrx_word' id='word_1_99' title='bbox 1245 1374 1288 1404; x_wconf 92' lang='lat' dir='ltr'>re</span> <span class='ocrx_word' id='word_1_100' title='bbox 1322 1362 1573 1404; x_wconf 89' lang='lat' dir='ltr'>certissima</span> <span class='ocrx_word' id='word_1_101' title='bbox 1605 1364 1648 1404; x_wconf 91' lang='lat' dir='ltr'>et</span> <span class='ocrx_word' id='word_1_102' title='bbox 1681 1362 1849 1404; x_wconf 90' lang='lat' dir='ltr'>iamdiu</span> <span class='ocrx_word' id='word_1_103' title='bbox 1883 1362 2048 1415; x_wconf 87' lang='lat' dir='ltr'>cuique</span> 
     </span>
     <span class='ocr_line' id='line_1_14' title="bbox 486 1432 2048 1489; baseline -0.002 -12"><span class='ocrx_word' id='word_1_104' title='bbox 486 1437 603 1477; x_wconf 92' lang='lat' dir='ltr'>nota.</span> <span class='ocrx_word' id='word_1_105' title='bbox 654 1435 807 1489; x_wconf 87' lang='lat' dir='ltr'>ltaque</span> <span class='ocrx_word' id='word_1_106' title='bbox 866 1434 1106 1488; x_wconf 89' lang='lat' dir='ltr'>Euripides</span> <span class='ocrx_word' id='word_1_107' title='bbox 1155 1445 1338 1488; x_wconf 87' lang='lat' dir='ltr'>quoque</span> <span class='ocrx_word' id='word_1_108' title='bbox 1398 1433 1607 1487; x_wconf 92' lang='lat' dir='ltr'>Eumolpi</span> <span class='ocrx_word' id='word_1_109' title='bbox 1656 1444 1756 1475; x_wconf 93' lang='lat' dir='ltr'>cum</span> <span class='ocrx_word' id='word_1_110' title='bbox 1805 1432 2048 1475; x_wconf 91' lang='lat' dir='ltr'>Eleusiniis</span> 
     </span>
     <span class='ocr_line' id='line_1_15' title="bbox 484 1503 2049 1556; baseline -0.002 -8"><span class='ocrx_word' id='word_1_111' title='bbox 484 1507 646 1549; x_wconf 91' lang='lat' dir='ltr'>foedus</span> <span class='ocrx_word' id='word_1_112' title='bbox 679 1507 878 1556; x_wconf 89' lang='lat' dir='ltr'>noverat,</span> <span class='ocrx_word' id='word_1_113' title='bbox 912 1506 992 1547; x_wconf 90' lang='lat' dir='ltr'>sed</span> <span class='ocrx_word' id='word_1_114' title='bbox 1027 1505 1235 1547; x_wconf 89' lang='lat' dir='ltr'>consulto</span> <span class='ocrx_word' id='word_1_115' title='bbox 1268 1504 1465 1547; x_wconf 88' lang='lat' dir='ltr'>fabulam</span> <span class='ocrx_word' id='word_1_116' title='bbox 1500 1503 1685 1546; x_wconf 86' lang='lat' dir='ltr'>mutavit</span> <span class='ocrx_word' id='word_1_117' title='bbox 1717 1505 1759 1546; x_wconf 93' lang='lat' dir='ltr'>et</span> <span class='ocrx_word' id='word_1_118' title='bbox 1792 1503 2049 1546; x_wconf 89' lang='lat' dir='ltr'>Eleusinios</span> 
     </span>
     <span class='ocr_line' id='line_1_16' title="bbox 486 1573 2049 1630; baseline -0.003 -11"><span class='ocrx_word' id='word_1_119' title='bbox 486 1589 539 1619; x_wconf 87' lang='lat' dir='ltr'>ex</span> <span class='ocrx_word' id='word_1_120' title='bbox 580 1589 632 1619; x_wconf 92' lang='lat' dir='ltr'>ea</span> <span class='ocrx_word' id='word_1_121' title='bbox 674 1577 837 1619; x_wconf 91' lang='lat' dir='ltr'>omisit.</span> <span class='ocrx_word' id='word_1_122' title='bbox 880 1576 1038 1630; x_wconf 86' lang='lat' dir='ltr'>Neque</span> <span class='ocrx_word' id='word_1_123' title='bbox 1082 1588 1171 1630; x_wconf 85' lang='lat' dir='ltr'>qua</span> <span class='ocrx_word' id='word_1_124' title='bbox 1204 1588 1248 1618; x_wconf 92' lang='lat' dir='ltr'>re</span> <span class='ocrx_word' id='word_1_125' title='bbox 1291 1576 1515 1618; x_wconf 90' lang='lat' dir='ltr'>adductus</span> <span class='ocrx_word' id='word_1_126' title='bbox 1549 1575 1633 1617; x_wconf 93' lang='lat' dir='ltr'>hoc</span> <span class='ocrx_word' id='word_1_127' title='bbox 1666 1574 1833 1626; x_wconf 85' lang='lat' dir='ltr'>fecerit,</span> <span class='ocrx_word' id='word_1_128' title='bbox 1866 1573 2049 1616; x_wconf 80' lang='lat' dir='ltr'>difficile</span> 
     </span>
     <span class='ocr_line' id='line_1_17' title="bbox 488 1645 2050 1702; baseline -0.003 -12"><span class='ocrx_word' id='word_1_129' title='bbox 488 1648 715 1690; x_wconf 90' lang='lat' dir='ltr'>intellectu</span> <span class='ocrx_word' id='word_1_130' title='bbox 750 1650 829 1690; x_wconf 92' lang='lat' dir='ltr'>est.</span> <span class='ocrx_word' id='word_1_131' title='bbox 864 1647 1107 1702; x_wconf 86' lang='lat' dir='ltr'>Imaginem</span> <span class='ocrx_word' id='word_1_132' title='bbox 1143 1647 1260 1689; x_wconf 88' lang='lat' dir='ltr'>enim</span> <span class='ocrx_word' id='word_1_133' title='bbox 1296 1647 1460 1689; x_wconf 90' lang='lat' dir='ltr'>veteris</span> <span class='ocrx_word' id='word_1_134' title='bbox 1494 1646 1616 1688; x_wconf 88' lang='lat' dir='ltr'>illius</span> <span class='ocrx_word' id='word_1_135' title='bbox 1648 1646 1833 1688; x_wconf 93' lang='lat' dir='ltr'>deorum</span> <span class='ocrx_word' id='word_1_136' title='bbox 1864 1645 1918 1688; x_wconf 93' lang='lat' dir='ltr'>de</span> <span class='ocrx_word' id='word_1_137' title='bbox 1936 1646 2050 1687; x_wconf 91' lang='lat' dir='ltr'>terra</span> 
     </span>
     <span class='ocr_line' id='line_1_18' title="bbox 486 1716 2048 1771; baseline -0.003 -9"><span class='ocrx_word' id='word_1_138' title='bbox 486 1720 629 1762; x_wconf 85' lang='lat' dir='ltr'>Attica</span> <span class='ocrx_word' id='word_1_139' title='bbox 678 1719 935 1761; x_wconf 85' lang='lat' dir='ltr'>certaminis</span> <span class='ocrx_word' id='word_1_140' title='bbox 969 1718 1154 1761; x_wconf 92' lang='lat' dir='ltr'>reddere</span> <span class='ocrx_word' id='word_1_141' title='bbox 1188 1717 1370 1759; x_wconf 90' lang='lat' dir='ltr'>volebat</span> <span class='ocrx_word' id='word_1_142' title='bbox 1403 1728 1549 1771; x_wconf 89' lang='lat' dir='ltr'>neque</span> <span class='ocrx_word' id='word_1_143' title='bbox 1590 1716 1847 1759; x_wconf 88' lang='lat' dir='ltr'>Eleusinios</span> <span class='ocrx_word' id='word_1_144' title='bbox 1880 1716 1923 1757; x_wconf 94' lang='lat' dir='ltr'>in</span> <span class='ocrx_word' id='word_1_145' title='bbox 1959 1726 2048 1757; x_wconf 86' lang='lat' dir='ltr'>rem</span> 
     </span>
     <span class='ocr_line' id='line_1_19' title="bbox 488 1787 2052 1844; baseline -0.004 -11"><span class='ocrx_word' id='word_1_146' title='bbox 488 1802 613 1833; x_wconf 91' lang='lat' dir='ltr'>suam</span> <span class='ocrx_word' id='word_1_147' title='bbox 660 1791 918 1832; x_wconf 91' lang='lat' dir='ltr'>convertere</span> <span class='ocrx_word' id='word_1_148' title='bbox 963 1790 1149 1844; x_wconf 86' lang='lat' dir='ltr'>poterat.</span> <span class='ocrx_word' id='word_1_149' title='bbox 1195 1788 1291 1830; x_wconf 87' lang='lat' dir='ltr'>Hoc</span> <span class='ocrx_word' id='word_1_150' title='bbox 1335 1788 1549 1830; x_wconf 85' lang='lat' dir='ltr'>dramatis</span> <span class='ocrx_word' id='word_1_151' title='bbox 1593 1787 1833 1830; x_wconf 91' lang='lat' dir='ltr'>consilium</span> <span class='ocrx_word' id='word_1_152' title='bbox 1878 1787 2052 1841; x_wconf 86' lang='lat' dir='ltr'>praeter</span> 
     </span>
     <span class='ocr_line' id='line_1_20' title="bbox 488 1856 2049 1915; baseline -0.003 -11"><span class='ocrx_word' id='word_1_153' title='bbox 488 1859 790 1915; x_wconf 82' lang='lat' dir='ltr'>Isocratem1)</span> <span class='ocrx_word' id='word_1_154' title='bbox 851 1861 1020 1915; x_wconf 91' lang='lat' dir='ltr'>optime</span> <span class='ocrx_word' id='word_1_155' title='bbox 1079 1860 1276 1902; x_wconf 86' lang='lat' dir='ltr'>reddidit</span> <span class='ocrx_word' id='word_1_156' title='bbox 1333 1859 1580 1902; x_wconf 90' lang='lat' dir='ltr'>scholiasta</span> <span class='ocrx_word' id='word_1_157' title='bbox 1627 1859 1682 1901; x_wconf 92' lang='lat' dir='ltr'>ad</span> <span class='ocrx_word' id='word_1_158' title='bbox 1732 1856 1901 1900; x_wconf 85' lang='lat' dir='ltr'>Phoen.</span> <span class='ocrx_word' id='word_1_159' title='bbox 1949 1857 2049 1907; x_wconf 83' lang='lat'>854,</span> 
     </span>
     <span class='ocr_line' id='line_1_21' title="bbox 489 1930 2052 1982; baseline -0.005 -6"><span class='ocrx_word' id='word_1_160' title='bbox 489 1935 740 1975; x_wconf 76' lang='lat' dir='ltr'>annotans:</span> <span class='ocrx_word' id='word_1_161' title='bbox 784 1937 888 1981; x_wconf 80' lang='grc' dir='ltr'><em>τινὲς</em></span> <span class='ocrx_word' id='word_1_162' title='bbox 930 1933 974 1972; x_wconf 80' lang='grc' dir='ltr'>δὲ</span> <span class='ocrx_word' id='word_1_163' title='bbox 1015 1936 1110 1972; x_wconf 75' lang='grc' dir='ltr'><strong><em>υἱὸν</em></strong></span> <span class='ocrx_word' id='word_1_164' title='bbox 1152 1931 1424 1978; x_wconf 76' lang='grc' dir='ltr'><em>Ποσειδῶνος</em></span> <span class='ocrx_word' id='word_1_165' title='bbox 1457 1935 1527 1970; x_wconf 81' lang='grc' dir='ltr'>τὸν</span> <span class='ocrx_word' id='word_1_166' title='bbox 1557 1930 1797 1982; x_wconf 78' lang='grc' dir='ltr'><em>Εὔμολπόν</em></span> <span class='ocrx_word' id='word_1_167' title='bbox 1829 1944 1973 1982; x_wconf 82' lang='grc' dir='ltr'><em>φασιν,</em></span> <span class='ocrx_word' id='word_1_168' title='bbox 2008 1931 2052 1976; x_wconf 79' lang='grc' dir='ltr'>ὃς</span> 
     </span>
     <span class='ocr_line' id='line_1_22' title="bbox 491 1998 2053 2058; baseline -0.004 -13"><span class='ocrx_word' id='word_1_169' title='bbox 491 2007 679 2058; x_wconf 62' lang='grc' dir='ltr'>ἧτῑηθεὶς</span> <span class='ocrx_word' id='word_1_170' title='bbox 720 2007 803 2044; x_wconf 74' lang='grc' dir='ltr'>ὑπὸ</span> <span class='ocrx_word' id='word_1_171' title='bbox 847 2010 915 2056; x_wconf 74' lang='grc' dir='ltr'>τῆς</span> <span class='ocrx_word' id='word_1_172' title='bbox 959 2002 1149 2056; x_wconf 73' lang='grc' dir='ltr'><strong><em>Ἀθηνᾶς</em></strong></span> <span class='ocrx_word' id='word_1_173' title='bbox 1191 2006 1249 2050; x_wconf 80' lang='grc' dir='ltr'>εἰς</span> <span class='ocrx_word' id='word_1_174' title='bbox 1290 2007 1362 2054; x_wconf 75' lang='grc' dir='ltr'>τὴν</span> <span class='ocrx_word' id='word_1_175' title='bbox 1404 2004 1493 2055; x_wconf 77' lang='grc' dir='ltr'><em>ἔριν</em></span> <span class='ocrx_word' id='word_1_176' title='bbox 1537 2006 1609 2053; x_wconf 77' lang='grc' dir='ltr'>τὴν</span> <span class='ocrx_word' id='word_1_177' title='bbox 1640 2005 1735 2055; x_wconf 76' lang='grc' dir='ltr'><em>περὶ</em></span> <span class='ocrx_word' id='word_1_178' title='bbox 1769 2006 1836 2052; x_wconf 76' lang='grc' dir='ltr'>τῆς</span> <span class='ocrx_word' id='word_1_179' title='bbox 1869 1998 2053 2052; x_wconf 80' lang='grc' dir='ltr'><em>Ἀττικῆς</em></span> 
     </span>
     <span class='ocr_line' id='line_1_23' title="bbox 490 2069 2053 2128; baseline -0.003 -13"><span class='ocrx_word' id='word_1_180' title='bbox 490 2077 560 2116; x_wconf 79' lang='grc' dir='ltr'>διὰ</span> <span class='ocrx_word' id='word_1_181' title='bbox 603 2082 670 2128; x_wconf 74' lang='grc' dir='ltr'>τῆς</span> <span class='ocrx_word' id='word_1_182' title='bbox 712 2077 862 2122; x_wconf 75' lang='grc' dir='ltr'><strong><em>ἐλαίας</em></strong></span> <span class='ocrx_word' id='word_1_183' title='bbox 903 2078 973 2115; x_wconf 79' lang='grc' dir='ltr'>τὸν</span> <span class='ocrx_word' id='word_1_184' title='bbox 1014 2078 1109 2114; x_wconf 81' lang='grc' dir='ltr'><strong><em>υἱὸν</em></strong></span> <span class='ocrx_word' id='word_1_185' title='bbox 1152 2077 1280 2114; x_wconf 82' lang='grc' dir='ltr'><em>αὐτοῦ</em></span> <span class='ocrx_word' id='word_1_186' title='bbox 1322 2077 1428 2113; x_wconf 72' lang='grc' dir='ltr'>κατὰ</span> <span class='ocrx_word' id='word_1_187' title='bbox 1471 2078 1551 2112; x_wconf 75' lang='grc' dir='ltr'>τῶν</span> <span class='ocrx_word' id='word_1_188' title='bbox 1584 2069 1831 2124; x_wconf 74' lang='grc' dir='ltr'><em>Ἀθηναίων</em></span> <span class='ocrx_word' id='word_1_189' title='bbox 1862 2073 2053 2123; x_wconf 79' lang='grc' dir='ltr'><strong><em>ἐκίνησεν</em></strong></span> 
     </span>
     <span class='ocr_line' id='line_1_24' title="bbox 491 2139 2053 2200; baseline -0.004 -11"><span class='ocrx_word' id='word_1_190' title='bbox 491 2159 571 2189; x_wconf 92' lang='lat' dir='ltr'>nec</span> <span class='ocrx_word' id='word_1_191' title='bbox 607 2158 696 2188; x_wconf 96' lang='lat' dir='ltr'>non</span> <span class='ocrx_word' id='word_1_192' title='bbox 731 2145 935 2200; x_wconf 85' lang='lat' dir='ltr'>Hyginus</span> <span class='ocrx_word' id='word_1_193' title='bbox 969 2142 1077 2199; x_wconf 87' lang='lat' dir='ltr'>(fab.</span> <span class='ocrx_word' id='word_1_194' title='bbox 1111 2143 1199 2195; x_wconf 87' lang='grc'>46),</span> <span class='ocrx_word' id='word_1_195' title='bbox 1234 2143 1358 2186; x_wconf 91' lang='lat' dir='ltr'>hisce</span> <span class='ocrx_word' id='word_1_196' title='bbox 1390 2142 1569 2184; x_wconf 88' lang='lat' dir='ltr'>verbis:</span> <span class='ocrx_word' id='word_1_197' title='bbox 1607 2141 1897 2195; x_wconf 83' lang='lat' dir='ltr'>‚,Eumolpus‚</span> <span class='ocrx_word' id='word_1_198' title='bbox 1930 2139 2053 2194; x_wconf 93' lang='lat' dir='ltr'>Nep-</span> 
     </span>
     <span class='ocr_line' id='line_1_25' title="bbox 491 2210 2051 2272; baseline -0.004 -13"><span class='ocrx_word' id='word_1_199' title='bbox 491 2218 583 2259; x_wconf 93' lang='lat' dir='ltr'>tuni</span> <span class='ocrx_word' id='word_1_200' title='bbox 632 2217 766 2267; x_wconf 88' lang='lat' dir='ltr'>filius‚</span> <span class='ocrx_word' id='word_1_201' title='bbox 815 2215 1014 2258; x_wconf 85' lang='lat' dir='ltr'>Athenas</span> <span class='ocrx_word' id='word_1_202' title='bbox 1061 2215 1183 2257; x_wconf 92' lang='lat' dir='ltr'>venit</span> <span class='ocrx_word' id='word_1_203' title='bbox 1231 2212 1757 2272; x_wconf 8' lang='lat' dir='ltr'>oppugnaturus,ssquod</span> <span class='ocrx_word' id='word_1_204' title='bbox 1802 2211 1940 2266; x_wconf 89' lang='lat' dir='ltr'>patris</span> <span class='ocrx_word' id='word_1_205' title='bbox 1983 2210 2051 2253; x_wconf 89' lang='lat' dir='ltr'>sui</span> 
     </span>
     <span class='ocr_line' id='line_1_26' title="bbox 491 2283 1291 2331; baseline -0.004 -1"><span class='ocrx_word' id='word_1_206' title='bbox 491 2291 649 2331; x_wconf 90' lang='lat' dir='ltr'>terram</span> <span class='ocrx_word' id='word_1_207' title='bbox 683 2288 873 2330; x_wconf 81' lang='lat' dir='ltr'>Atticam</span> <span class='ocrx_word' id='word_1_208' title='bbox 906 2286 1047 2329; x_wconf 83' lang='lat' dir='ltr'>fuisse</span> <span class='ocrx_word' id='word_1_209' title='bbox 1081 2283 1291 2328; x_wconf 87' lang='lat' dir='ltr'>diceret‘&#39;.</span> 
     </span>
    </p>

    <p class='ocr_par' dir='ltr' id='par_1_4' title="bbox 493 2351 2054 2617">
     <span class='ocr_line' id='line_1_27' title="bbox 552 2351 2054 2413; baseline -0.005 -12"><span class='ocrx_word' id='word_1_210' title='bbox 552 2358 760 2413; x_wconf 90' lang='lat' dir='ltr'>Denique</span> <span class='ocrx_word' id='word_1_211' title='bbox 795 2360 956 2412; x_wconf 90' lang='lat' dir='ltr'>poetae</span> <span class='ocrx_word' id='word_1_212' title='bbox 991 2369 1080 2399; x_wconf 92' lang='lat' dir='ltr'>non</span> <span class='ocrx_word' id='word_1_213' title='bbox 1117 2358 1222 2406; x_wconf 87' lang='lat' dir='ltr'>erat,</span> <span class='ocrx_word' id='word_1_214' title='bbox 1256 2355 1378 2409; x_wconf 86' lang='lat' dir='ltr'>quod</span> <span class='ocrx_word' id='word_1_215' title='bbox 1413 2366 1532 2397; x_wconf 89' lang='lat' dir='ltr'>anno</span> <span class='ocrx_word' id='word_1_216' title='bbox 1563 2355 1645 2396; x_wconf 85' lang='lat'>421</span> <span class='ocrx_word' id='word_1_217' title='bbox 1683 2377 1739 2381; x_wconf 91' lang='lat'>—</span> <span class='ocrx_word' id='word_1_218' title='bbox 1777 2364 1868 2407; x_wconf 88' lang='lat' dir='ltr'>quo</span> <span class='ocrx_word' id='word_1_219' title='bbox 1901 2351 2054 2394; x_wconf 85' lang='lat' dir='ltr'>fabula</span> 
     </span>
     <span class='ocr_line' id='line_1_28' title="bbox 493 2423 2053 2482; baseline -0.005 -10"><span class='ocrx_word' id='word_1_220' title='bbox 493 2432 589 2472; x_wconf 84' lang='lat' dir='ltr'>acta</span> <span class='ocrx_word' id='word_1_221' title='bbox 624 2431 690 2472; x_wconf 91' lang='lat' dir='ltr'>est</span> <span class='ocrx_word' id='word_1_222' title='bbox 722 2453 777 2456; x_wconf 80' lang='lat'>—</span> <span class='ocrx_word' id='word_1_223' title='bbox 811 2429 1041 2482; x_wconf 88' lang='lat' dir='ltr'>antiquam</span> <span class='ocrx_word' id='word_1_224' title='bbox 1077 2430 1119 2470; x_wconf 91' lang='lat' dir='ltr'>et</span> <span class='ocrx_word' id='word_1_225' title='bbox 1146 2426 1426 2469; x_wconf 86' lang='lat' dir='ltr'>obliteratam</span> <span class='ocrx_word' id='word_1_226' title='bbox 1445 2424 1716 2467; x_wconf 84' lang='lat' dir='ltr'>Athenarum</span> <span class='ocrx_word' id='word_1_227' title='bbox 1736 2423 2053 2476; x_wconf 87' lang='lat' dir='ltr'>Eleusinisque</span> 
     </span>
     <span class='ocr_line' id='line_1_29' title="bbox 494 2495 2054 2553; baseline -0.005 -10"><span class='ocrx_word' id='word_1_228' title='bbox 494 2501 838 2543; x_wconf 79' lang='lat' dir='ltr'>aemulationem</span> <span class='ocrx_word' id='word_1_229' title='bbox 883 2498 1216 2553; x_wconf 85' lang='lat' dir='ltr'>spectatoribus</span> <span class='ocrx_word' id='word_1_230' title='bbox 1255 2507 1408 2539; x_wconf 92' lang='lat' dir='ltr'>rursus</span> <span class='ocrx_word' id='word_1_231' title='bbox 1441 2498 1541 2538; x_wconf 90' lang='lat' dir='ltr'>ante</span> <span class='ocrx_word' id='word_1_232' title='bbox 1575 2495 1734 2537; x_wconf 90' lang='lat' dir='ltr'>oculos</span> <span class='ocrx_word' id='word_1_233' title='bbox 1768 2495 2054 2549; x_wconf 90' lang='lat' dir='ltr'>proponeret,</span> 
     </span>
     <span class='ocr_line' id='line_1_30' title="bbox 495 2563 2052 2617; baseline -0.006 -3"><span class='ocrx_word' id='word_1_234' title='bbox 495 2584 594 2614; x_wconf 92' lang='lat' dir='ltr'>cum</span> <span class='ocrx_word' id='word_1_235' title='bbox 641 2571 901 2613; x_wconf 91' lang='lat' dir='ltr'>iamdudum</span> <span class='ocrx_word' id='word_1_236' title='bbox 946 2570 1030 2612; x_wconf 92' lang='lat' dir='ltr'>hae</span> <span class='ocrx_word' id='word_1_237' title='bbox 1074 2569 1278 2611; x_wconf 90' lang='lat' dir='ltr'>civitates</span> <span class='ocrx_word' id='word_1_238' title='bbox 1322 2568 1364 2609; x_wconf 94' lang='lat' dir='ltr'>in</span> <span class='ocrx_word' id='word_1_239' title='bbox 1409 2578 1542 2610; x_wconf 90' lang='lat' dir='ltr'>unam</span> <span class='ocrx_word' id='word_1_240' title='bbox 1577 2566 1860 2608; x_wconf 85' lang='lat' dir='ltr'>coaluissent</span> <span class='ocrx_word' id='word_1_241' title='bbox 1893 2566 1933 2606; x_wconf 92' lang='lat' dir='ltr'>et</span> <span class='ocrx_word' id='word_1_242' title='bbox 1966 2563 2052 2617; x_wconf 89' lang='lat' dir='ltr'>ipsi</span> 
     </span>
    </p>
   </div>
   <div class='ocr_carea' id='block_1_2' title="bbox 495 2666 776 2670">
    <p class='ocr_par' dir='ltr' id='par_1_5' title="bbox 495 2666 776 2670">
     <span class='ocr_line' id='line_1_31' title="bbox 495 2666 776 2670; baseline 0 0"><span class='ocrx_word' id='word_1_243' title='bbox 495 2666 776 2670; x_wconf 95' lang='lat' dir='ltr'> </span> 
     </span>
    </p>
   </div>
   <div class='ocr_carea' id='block_1_3' title="bbox 538 2719 1146 2762">
    <p class='ocr_par' dir='ltr' id='par_1_6' title="bbox 538 2719 1146 2762">
     <span class='ocr_line' id='line_1_32' title="bbox 538 2719 1146 2762; baseline -0.005 -9"><span class='ocrx_word' id='word_1_244' title='bbox 538 2723 568 2762; x_wconf 89' lang='lat' dir='ltr'>l)</span> <span class='ocrx_word' id='word_1_245' title='bbox 593 2723 685 2755; x_wconf 89' lang='lat' dir='ltr'>Loco</span> <span class='ocrx_word' id='word_1_246' title='bbox 710 2729 815 2761; x_wconf 86' lang='lat' dir='ltr'>supra</span> <span class='ocrx_word' id='word_1_247' title='bbox 840 2721 858 2753; x_wconf 95' lang='lat' dir='ltr'>l.</span> <span class='ocrx_word' id='word_1_248' title='bbox 882 2720 1040 2760; x_wconf 82' lang='lat' dir='ltr'>(Panath.</span> <span class='ocrx_word' id='word_1_249' title='bbox 1066 2719 1146 2758; x_wconf 85' lang='lat'>193).</span> 
     </span>
    </p>
   </div>
   <div class='ocr_carea' id='block_1_4' title="bbox 500 2826 551 2866">
    <p class='ocr_par' dir='ltr' id='par_1_7' title="bbox 500 2826 551 2866">
     <span class='ocr_line' id='line_1_33' title="bbox 500 2826 551 2866; baseline 0 0"><span class='ocrx_word' id='word_1_250' title='bbox 500 2826 551 2866; x_wconf 78' lang='lat'>18</span> 
     </span>
    </p>
   </div>
  </div>
 </body>
</html>
