2174 3374
0 3287 31 3374 aare*
0 3261 3 3267 ·

132 527 408 582 diriguntur;
471 527 633 570 Medea
696 529 812 570 enim
878 529 921 569 in
986 527 1135 570 Asiam
1199 530 1382 570 ventura
1440 539 1529 569 non
1588 530 1692 570 erat.

189 596 433 652 Aptissime
477 601 623 652 poeta,
668 610 805 654 regno
849 598 1112 641 Atheniensi
1158 610 1182 641 a
1222 598 1400 641 Theseo
1441 601 1692 653 praerepto,

131 667 254 710 alteri
284 668 387 710 huic
414 667 550 723 Aegei
579 669 671 710 filio
691 671 854 712 sortem
876 670 1148 724 praeclaram
1170 672 1211 712 et
1230 670 1463 723 imperium
1484 681 1692 724 magnum

130 739 399 781 vaticinatus
433 741 512 782 est.

194 880 344 926 Restat
392 892 479 922 una
528 892 597 923 res
641 881 919 936 gravissima,
963 893 1078 935 quae
1122 882 1351 935 aliquanto
1394 881 1538 924 fusius
1581 884 1694 924 trac-

132 952 268 994 tanda
300 952 406 994 mihi
442 952 534 993 erit.
569 951 807 1002 Quaeritur
840 953 972 1003 enim,
1008 954 1152 994 utrum
1187 952 1352 994 Thesei
1388 953 1616 1006 expeditIO
1652 954 1694 994 in

131 1024 304 1065 taurum
338 1021 724 1074 Marathonium1)
760 1022 802 1063 in
837 1023 1068 1077 tragoedia
1098 1026 1249 1066 nostra
1278 1023 1425 1065 locum
1456 1023 1697 1066 obtinuerit

135 1106 290 1137 necne.

193 1164 258 1207 Ex
286 1163 497 1206 omnibus
525 1164 798 1215 auctoribus,
828 1165 903 1218 qui
934 1165 988 1207 de
1019 1167 1144 1207 tauro
1169 1165 1454 1207 Marathonio
1474 1165 1696 1209 aTheseo

134 1237 252 1279 victo
286 1237 483 1291 egerunt,
518 1246 634 1277 unus
667 1235 1026 1291 Mythographus
1055 1236 1298 1279 Vaticanus
1341 1237 1455 1278 hane
1498 1236 1696 1279 fabulam

135 1319 235 1350 cum
263 1306 453 1349 Medeae
483 1306 661 1348 insidiis
690 1306 936 1357 coniunxit,
967 1307 1052 1349 hoc
1073 1307 1253 1350 tradens
1272 1307 1303 1359 (l
1323 1319 1359 1350 c.
1378 1307 1476 1359 48):
1508 1308 1698 1359 „Medea

135 1380 295 1428 autem,
325 1377 558 1431 repudiata
586 1377 642 1419 ab
671 1376 842 1428 Iasone,
866 1376 1016 1432 Aegeo
1047 1381 1184 1432 nupta
1213 1379 1698 1432 persuasitadvenien-

134 1451 222 1492 tem
256 1449 462 1491 iuvenem
497 1449 623 1490 tauro
652 1459 899 1502 opponere,
930 1449 1006 1502 qui
1026 1449 1231 1491 vastabat
1247 1449 1434 1491 Atticam
1454 1450 1697 1505 regionem,

135 1520 293 1563 dicens
339 1519 549 1569 futurum,
599 1521 644 1561 ut
686 1518 741 1561 ab
786 1530 840 1561 eo
880 1519 1126 1574 privaretur
1168 1532 1319 1575 regno,
1355 1520 1561 1563 Theseus
1593 1532 1699 1563 vero

135 1592 261 1633 tauro
294 1589 526 1632 interiecto
560 1589 808 1644 duplicavit
841 1590 931 1645 regi
966 1591 1183 1633 timorem.
1228 1590 1343 1634 Dein
1379 1592 1609 1634 invitatum
1643 1591 1698 1633 ad

136 1662 295 1717 epulas
337 1673 438 1704 eum
482 1661 669 1715 perdere
712 1660 866 1703 voluit.
911 1661 1114 1704 Tandem
1159 1663 1310 1718 agnito
1355 1662 1520 1717 gladio,
1566 1673 1699 1717 quem

137 1732 258 1788 apud
305 1731 511 1775 Aethram
561 1732 667 1774 olim
717 1732 970 1786 reliquerat,
1029 1733 1175 1776 libens
1229 1734 1411 1789 agnovit
1458 1734 1612 1784 filium,
1660 1735 1701 1775 et

137 1803 359 1854 Medeam,
393 1814 508 1857 quae
541 1802 683 1845 fuerat
717 1803 980 1846 insidiarum
1015 1816 1164 1855 causa,
1201 1804 1438 1860 profugere
1472 1803 1662 1859 coegit''.

197 1874 317 1916 Idem
345 1873 414 1916 vel
442 1874 533 1916 fere
563 1874 696 1924 idem,
726 1874 823 1916 sine
852 1874 992 1916 dubio
1022 1887 1075 1917 ex
1094 1876 1253 1917 eodem
1273 1875 1395 1918 fonte
1415 1876 1700 1930 proveniens,

138 1945 330 2000 legimus
373 1945 417 1987 in
459 1944 724 1999 Apollodori
770 1945 967 1999 epitoma
1010 1945 1223 1988 Vaticana
1266 1945 1297 1998 (l
1340 1946 1414 1998 5):
1460 1947 1703 1999 „Ix'cc19c29ag

139 2019 216 2057 οὖν
258 2016 417 2069 Θησεὺς
459 2021 531 2068 τὴν
575 2016 674 2056 ὁὸὸν
718 2020 815 2068 ἧκεν
856 2020 914 2065 εἰς
956 2018 1148 2069 Ἀθήνας.
1187 2017 1358 2069 ΒῙήόεια
1391 2018 1434 2056 δὲ
1466 2018 1584 2069 Αἰγεῖ
1616 2020 1702 2056 τότε

140 2092 399 2128 συνοικοῦσα
441 2088 753 2138 ἐπεβούλευσεν
797 2090 921 2139 αὐτῷ,
965 2093 1036 2128 καὶ
1079 2090 1223 2128 πείθει
1255 2086 1336 2139 stov
1378 2089 1509 2140 Αἰγέα
1541 2088 1703 2140 φυλάτ-

140 2160 291 2199 τεσθαι
324 2161 378 2206 ὡς
410 2159 646 2209 ἐπίβουλον
679 2160 821 2198 αὐτοῦ.
856 2159 1005 2210 Αἰγεὺς
1038 2159 1081 2198 δὲ
1113 2163 1183 2199 τὸν
1214 2159 1323 2199 ἴδιον
1355 2161 1522 2210 ἀγνοῶν
1553 2158 1702 2209 παῖδα,

140 2230 281 2277 δείσας
323 2231 515 2281 ἔπεμψεν
556 2230 625 2268 ἐπὶ
667 2232 738 2268 τὸν
781 2229 1083 2283 Μαραθώνιον
1125 2234 1290 2283 ταῦρον.
1341 2232 1395 2276 ὡς
1442 2228 1486 2267 δὲ
1532 2229 1703 2268 ἀνεῖλεν

141 2302 283 2350 αὐτόν,
331 2303 449 2353 παρὰ
496 2298 689 2351 ΒῙηὸείας
736 2301 888 2350 λαβὼν
931 2302 1225 2354 αὐθημερινόν
1267 2303 1550 2353 προσήνεγκεν
1592 2301 1703 2349 αὐτῷ

142 2374 381 2425 φάρμακον.
413 2372 435 2409 ὁ
453 2369 497 2408 δὲ
513 2370 747 2421 μέλλοντος
764 2372 875 2422 αὐτῷ
894 2375 964 2410 τοῦ
981 2375 1111 2410 ποτοῦ
1129 2372 1449 2424 προσφέρεσθαι
1468 2370 1705 2423 ἐδωρήσατο

141 2446 195 2494 τῷ
227 2446 352 2495 πατρὶ
395 2444 438 2480 τὸ
481 2443 613 2492 ξίφος,
658 2443 761 2493 ὅπερ
804 2443 1002 2492 ἐπιγνοὺς
1043 2442 1192 2493 Αἰγεὺς
1225 2445 1296 2492 τὴν
1327 2442 1482 2480 κύλικα
1513 2442 1706 2493 ἐξέρριψε

186 2578 217 2618 1)
246 2578 321 2611 Hoc
350 2577 480 2611 Thesei
512 2578 624 2622 ἔργον
653 2579 686 2610 in
711 2578 876 2618 Acropoli
901 2578 1093 2613 ἀνέθεσαν
1115 2578 1325 2611 Marathonii
1349 2578 1406 2617 (cf.
1430 2577 1532 2609 Paus.
1557 2577 1567 2608 l
1589 2576 1639 2614 27,
1661 2577 1705 2616 9),

142 2629 244 2661 cuius
267 2630 498 2663 anathematis
521 2632 751 2671 fragmentum
776 2630 955 2662 Benndorf
977 2629 1121 2669 agnovit
1144 2630 1177 2661 in
1202 2636 1347 2668 corpore
1372 2628 1457 2660 tauri
1479 2635 1519 2659 ex
1533 2634 1706 2659 marmore

143 2681 233 2720 facti,
263 2684 377 2722 priore
407 2685 551 2717 saeculo
582 2686 728 2716 exeunte
760 2684 846 2716 inter
877 2683 1090 2723 Propylaeas
1121 2685 1152 2715 et
1180 2682 1337 2714 poliadis
1366 2681 1533 2720 ternplum
1570 2681 1706 2719 reperto

142 2734 226 2774 (vid.
249 2735 290 2768 O.
313 2736 501 2775 BenndorI,
521 2737 676 2779 jahresh.
701 2737 732 2769 cl.
754 2726 830 2769 'Ost
855 2737 954 2769 Arch.
979 2736 1058 2768 lnst.
1082 2736 1092 2766 1
1120 2735 1171 2767 191
1200 2736 1302 2774 sqq).

1648 2836 1705 2878 63
