2174 3374
448 487 504 529 ad
549 486 660 528 alias
705 486 885 540 nuptias
929 484 1212 539 quaerendas
1245 486 1423 538 praesto
1458 485 1589 527 esset.
1619 481 1790 526 Sortem
1824 482 2002 526 Theseo

449 557 705 606 obvenisse,
740 556 815 610 qui
849 556 1066 610 Virginem
1101 558 1218 596 οὔπω
1251 558 1399 607 γάμων
1426 559 1541 609 ὥραν
1568 557 1752 607 ἔχουσαν
1769 553 2004 608 Aphidnas

448 627 750 681 deportaverit
783 629 824 669 et
856 627 981 668 matri
1025 626 1329 681 Aphidnoque
1363 626 1508 668 amico
1543 625 1884 667 custodiendam
1917 626 2004 667 tra-

448 698 620 741 diderit.
656 698 806 752 Ipsum
839 698 895 740 ad
929 696 1129 740 Pirithoo
1163 697 1359 739 officium
1394 707 1523 739 suum
1556 696 1874 750 praestandum
1903 707 2004 738 cum

448 781 501 811 eo
531 769 574 810 in
604 768 785 823 Epirum
815 768 1063 823 protectum
1094 779 1194 810 esse
1223 768 1279 810 ad
1307 767 1443 810 filiam
1471 766 1676 819 Aidonei‚
1699 766 2004 809 Molossorum

448 840 580 895 regis,
615 841 656 882 et
689 838 986 893 Proserpinae
1021 839 1200 894 reginae
1233 838 1472 893 petendam
1508 849 1544 880 e.
1574 849 1617 891 q.
1646 848 1680 879 s.

506 909 654 952 Primo
684 910 840 952 obtutu
870 911 913 951 in
943 910 1077 952 huius
1107 909 1373 952 narrationis
1402 911 1524 963 parte
1543 908 1697 950 ultima
1715 907 2006 963 agnoscimus

447 981 765 1037 pragmaticam
798 981 918 1023 illam
952 981 1197 1032 historiam,
1227 992 1360 1035 quarn
1390 991 1414 1022 a
1442 979 1713 1021 Philochoro
1743 979 2005 1021 concoctam

448 1063 548 1096 esse
576 1052 712 1094 modo
741 1052 938 1094 vidimus
960 1050 1016 1106 1).
1046 1049 1279 1106 Siquidem
1309 1050 1610 1093 Philochorus
1628 1050 1762 1092 huius
1780 1048 2005 1091 Plutarchi

447 1124 716 1166 narrationis
736 1124 874 1178 partis
894 1125 1048 1165 auctor
1067 1125 1133 1166 est
1162 1125 1203 1165 et
1231 1125 1323 1165 tota
1351 1123 1559 1172 narrati0‚
1588 1121 1810 1164 artissime
1840 1120 2006 1163 cohae-

447 1205 563 1245 rens,
593 1194 781 1237 dissolvi
811 1206 900 1236 non
930 1196 1092 1248 potest,
1123 1193 1296 1236 initium
1328 1205 1512 1247 quoque
1541 1204 1595 1235 ex
1613 1192 1771 1235 eodem
1791 1191 2006 1246 desump-

447 1267 537 1308 tum
572 1267 651 1316 est,
684 1265 802 1307 unde
836 1265 1172 1319 cognoscimus,
1209 1264 1441 1318 quomodo
1474 1263 1859 1318 Atthidographus
1887 1262 2006 1305 The-

447 1347 572 1379 seum
602 1348 627 1379 a
655 1336 839 1379 crimine
868 1336 1009 1390 stupri
1039 1336 1199 1391 virgini
1229 1335 1428 1377 nondum
1459 1335 1600 1377 nubili
1625 1334 1733 1377 illati
1752 1336 1917 1377 tutatus
1935 1334 2006 1376 sit.

507 1407 653 1450 Unum
702 1409 836 1450 restat
882 1407 1098 1449 indicium
1147 1418 1237 1448 non
1281 1406 1415 1448 unius
1457 1405 1637 1456 Thesei,
1683 1406 1763 1448 sed
1807 1405 2006 1448 omnium

448 1478 788 1521 Atheniensium
836 1490 862 1520 a
908 1478 1027 1520 fama
1074 1477 1301 1520 invidiosa
1346 1476 1806 1533 Atthidographorum
1869 1487 2007 1530 opera

450 1549 751 1593 defensorum.

508 1619 678 1664 Omnes
726 1621 843 1662 enim
891 1620 981 1663 fere
1030 1621 1250 1671 auctores,
1300 1620 1376 1674 qui
1424 1619 1590 1662 bellum
1639 1631 1663 1661 a
1710 1619 1863 1661 Minoe
1906 1629 2005 1660 cum

448 1691 798 1734 Atheniensibus
832 1694 1004 1746 gestum
1039 1693 1403 1742 commemorant,
1449 1691 1582 1734 huius
1610 1690 1715 1733 belli
1745 1689 1923 1744 culpam
1963 1689 2006 1730 in

447 1763 744 1806 Athenienses
777 1762 1023 1814 conterunt,
1058 1764 1286 1805 narrantes
1318 1762 1620 1818 Androgeum,
1652 1761 1821 1803 Minois
1852 1760 2006 1811 filium,

447 1834 786 1877 Atheniensium
815 1834 921 1877 dolo
953 1836 994 1876 et
1011 1833 1165 1876 fraude
1185 1834 1389 1888 periisse,
1414 1834 1509 1876 sive
1529 1845 1606 1888 per
1630 1832 1819 1875 insidias
1839 1842 2007 1882 eorum,

449 1917 564 1960 quos
613 1905 656 1947 in
705 1905 824 1947 ludis
871 1905 1038 1947 vicerat
1056 1902 1104 1957 2),
1162 1905 1257 1947 sive
1317 1916 1395 1959 per
1441 1906 1613 1946 taurum
1661 1902 2006 1953 Marathonium,

448 1978 601 2019 contra
634 1988 767 2030 quem
812 1976 868 2018 ab
917 1975 1068 2031 Aegeo
1120 1976 1287 2019 missus
1335 1978 1427 2018 erat
1446 1973 1493 2028 3),
1542 1976 1636 2018 sive
1685 1987 1763 2029 per
1810 1973 2007 2029 Aegeum

447 2049 692 2099 timentem,
729 2059 783 2090 ne
818 2059 918 2090 cum
951 2047 1218 2090 Pallantidis
1250 2047 1413 2090 foedus
1446 2048 1575 2089 iniret
1593 2044 1638 2102 4).

506 2118 560 2161 At
618 2121 770 2161 notatu
829 2119 1013 2175 dignum
1063 2121 1142 2170 est,
1196 2119 1427 2173 quomodo
1477 2116 1756 2162 Clitodemus
1776 2115 1809 2170 ⁵)
1858 2117 2009 2159 omnia

449 2190 685 2233 detorserit
726 2191 781 2232 ad
824 2190 1004 2245 culpam
1042 2190 1099 2232 ab
1130 2189 1481 2232 Atheniensibus
1514 2190 1557 2231 in
1593 2187 1831 2232 Cretenses
1863 2190 2007 2230 trans-

448 2262 690 2304 ferendam.
726 2261 872 2304 Finxit
904 2262 1021 2304 enim
1055 2261 1255 2303 Minoem
1286 2262 1439 2303 contra
1467 2261 1604 2313 δόγμα
1629 2264 1774 2301 κοινὸν
1792 2260 2009 2311 Ἑλλήνων

450 2331 713 2381 Daedalum,
748 2333 824 2388 qui
857 2332 1054 2376 Athenas
1086 2332 1290 2388 fugisset,
1324 2331 1516 2375 navibus
1549 2331 1697 2386 longis
1725 2333 2008 2385 persecutum

494 2485 524 2524 l)
546 2493 577 2516 v.
600 2493 631 2525 p.
659 2484 724 2517 100.

493 2538 527 2578 2)
550 2538 705 2571 Eustath.
728 2538 772 2570 ad
796 2537 924 2578 Odyss.
947 2537 988 2570 XI
1011 2537 1082 2570 320.

491 2590 526 2631 3)
548 2591 710 2630 Apollod.
735 2590 823 2623 Bibl.
848 2591 885 2622 lll
912 2591 958 2628 15,
980 2590 1010 2622 7.

493 2644 526 2684 4)
549 2644 652 2676 Diod.
676 2644 715 2676 IV
738 2644 788 2682 60,
810 2643 839 2676 5.

493 2697 526 2736 5)
546 2697 582 2729 fr.
605 2697 625 2730 5
647 2711 686 2723 z
709 2697 794 2730 Plut.
817 2706 846 2729 v.
869 2697 974 2729 Thes.
1001 2697 1037 2729 19

460 2800 543 2842 104
