2174 3374
134 488 340 531 Theseus
383 491 502 532 esset
546 490 761 544 inscripta
803 502 858 533 an
903 492 1013 534 haec
1057 492 1238 534 nomina
1281 492 1336 534 ad
1380 493 1470 534 duo
1515 493 1694 535 diversa

132 559 331 602 dramata
358 560 620 613 pertineant,
651 559 943 615 ignoramus).
974 562 1201 616 Euripidis
1221 563 1403 617 quidem
1422 563 1643 618 trilogiam
1662 560 1693 614 l)

131 629 344 685 Aegeum,
377 630 620 681 Theseum,
655 631 948 686 Hippolytum
978 633 990 675 I
1019 633 1363 687 amplectentem
1393 634 1560 676 detexit
1586 634 1694 676 felix

132 700 464 744 Wilamowitzii
500 702 742 757 ingenium,
778 704 857 745 sed
892 704 1027 746 totius
1062 704 1182 746 illius
1216 705 1423 755 aedificii,
1457 705 1599 747 tribus
1628 702 1694 759 (ut

133 771 192 814 ita
223 772 388 824 dicam)
422 773 634 815 tabulatis
664 774 784 823 editi,
816 774 992 828 lapides
1021 777 1107 816 tam
1139 776 1277 829 pauci*
1301 778 1343 817 et
1361 776 1483 829 parvi
1504 778 1691 818 aetatem

131 841 337 893 tulerunt,
386 845 432 884 ut
480 855 663 898 operam
714 845 900 898 perdere
943 845 1160 894 videatur,
1205 846 1279 898 qui
1327 846 1450 888 hisce
1492 846 1694 889 frustulis

131 912 291 955 laceris
324 913 505 955 domum
541 914 919 967 qualemcumque
953 915 1182 957 restituere
1217 916 1392 957 audeat.

189 982 243 1025 At
284 983 359 1026 tali
404 984 447 1026 in
492 995 535 1026 re
580 985 716 1026 nimia
760 985 908 1027 cautio
944 988 1098 1036 nocet;
1134 986 1343 1040 quisquis
1377 987 1542 1038 omnia,
1578 999 1693 1041 quae

131 1065 221 1096 non
263 1054 532 1097 firmissimis
574 1056 844 1098 testimoniis
889 1056 1098 1107 nituntur,
1133 1057 1318 1111 spernit,
1353 1058 1471 1100 haud
1507 1058 1692 1100 multum

131 1125 346 1179 proficiet.
404 1123 550 1180 Saepe
607 1126 663 1168 ad
723 1137 867 1169 meras
920 1128 1215 1178 coniecturas,
1265 1128 1320 1170 ad
1370 1128 1692 1171 divinationem

130 1196 356 1250 quandam
375 1197 603 1251 animique
624 1197 836 1252 impetum
858 1199 938 1240 erit
955 1198 1323 1253 confugiendum,
1339 1199 1414 1242 ubi
1435 1202 1695 1255 argumenta

130 1269 249 1309 certa
276 1278 361 1310 nos
389 1268 616 1319 deficiunt,
636 1269 672 1310 si
695 1268 934 1323 imaginem
953 1269 1043 1311 veri
1064 1281 1337 1324 quamquam
1358 1282 1447 1312 non
1467 1271 1693 1323 invictam,

129 1339 321 1381 attamen
357 1339 638 1393 probabilem
673 1339 938 1382 adumbrare
973 1340 1221 1383 studemus.

188 1408 275 1451 Iam
325 1409 381 1452 de
429 1409 631 1465 trilogiae
679 1409 832 1452 fabula
880 1411 1036 1465 prima,
1086 1412 1140 1454 de
1188 1410 1354 1467 Aegeo,
1405 1413 1542 1455 multa
1585 1424 1693 1455 sane

129 1480 292 1531 conici,
327 1492 471 1535 pauca
504 1481 747 1523 admodum
769 1493 848 1535 pro
873 1484 993 1524 certo
1013 1482 1144 1524 statui
1166 1485 1371 1536 possunt.
1393 1483 1488 1525 Hoc
1509 1484 1691 1538 quidem

129 1552 318 1602 constat,
346 1551 479 1594 huius
506 1552 720 1594 dramatis
748 1554 995 1607 argumenti
1026 1564 1245 1595 summam
1276 1554 1400 1596 reddi
1422 1555 1464 1596 in
1485 1555 1692 1609 sequenti

131 1621 311 1664 Homeri
345 1623 520 1665 SChOliO
557 1620 607 1673 (A
641 1620 770 1677 741):
803 1624 975 1676 ΖΙῙὴὂεια
1008 1627 1168 1677 ἐγένετο
1201 1626 1356 1677 Αἰήτου
1382 1630 1462 1678 μὲν
1488 1628 1692 1680 θυγάτηρ,

130 1692 324 1742 Ἰάσονος
366 1694 410 1734 δὲ
451 1698 568 1747 γυνή,
613 1698 716 1747 αὕτη
757 1699 864 1746 μετὰ
906 1700 978 1747 τὴν
1021 1697 1372 1748 εἷπεργασθέῖσαν
1410 1699 1455 1736 ἐν
1485 1697 1693 1751 Κορίνθῳ

129 1768 418 1805 τεκνοκτονίαν
475 1770 610 1818 φυγὰς
667 1769 725 1813 εἰς
781 1764 963 1818 Ἀθήνας
1012 1770 1198 1819 (ἐφίκετο,
1245 1773 1317 1806 καί
1365 1769 1562 1820 ἐγαμήθη
1611 1770 1694 1808 ἐκεῖ

127 1836 247 1888 Αἰγεῖ
288 1840 341 1888 τῷ
382 1836 638 1884 Πανδίονος.
677 1840 797 1877 κάκεῖ
831 1837 971 1889 Θησέα
1004 1842 1074 1878 τὸν
1106 1840 1149 1887 ἐξ
1180 1839 1346 1892 Αἴθρας
1380 1842 1608 1890 γενόμενον
1640 1843 1692 1890 τῷ

89 1918 93 1919 ’
128 1907 259 1958 Αἰγεῖ,
290 1910 358 1947 ἐπὶ
386 1911 456 1947 τὸν
483 1912 555 1947 τοῦ
582 1911 738 1961 πατρὸς
755 1911 1084 1961 (ἔναγνωρισμὸν
1102 1911 1146 1948 ἐκ
1167 1909 1395 1962 Τροιζῆνος
1417 1912 1692 1961 ἀφικόμενον,

129 1978 272 2017 πείθει
304 1981 375 2017 τὸν
406 1978 538 2029 Αἰγέα
571 1980 800 2032 φάρμακον
833 1981 944 2030 αὐτῷ
979 1979 1129 2019 δοῦναι
1162 1981 1424 2031 θανάσιμον,
1459 1981 1694 2030 ἐπίβουλον

129 2050 259 2088 αὐτοῦ
291 2054 359 2100 τῆς
389 2049 616 2099 βασιλείας
648 2052 829 2089 εἰποῦσα
861 2052 1192 2103 παραγίνεσθαι.
1233 2052 1425 2097 πεισθεὶς
1463 2050 1507 2090 δὲ
1543 2052 1693 2103 Αἰγεὺς

90 2117 93 2119 ’
128 2121 463 2173 παραγενομένῳ
505 2123 558 2171 τῷ
601 2119 722 2160 παιδὶ
765 2122 994 2173 φάρμακον
1027 2120 1191 2160 ἔδωκεν.
1226 2122 1460 2172 μέλλοντος
1493 2121 1536 2160 δὲ
1568 2137 1691 2162 κατα-

128 2193 269 2229 πίνειν
311 2191 506 2241 ἒπιγνοὺς
545 2194 588 2229 τὸ
633 2205 673 2229 τε
714 2194 832 2242 ξίφος
872 2196 944 2230 καὶ
987 2195 1036 2230 τὰ
1074 2191 1326 2242 ὑποδήματα
1359 2192 1503 2232 (ταῦτα
1535 2197 1614 2245 γὰρ
1647 2195 1692 2231 ἐν

134 2260 332 2313 Τροιζῆνι
365 2264 637 2314 γνωρίσματα
668 2260 908 2310 κατέλιπεν)
942 2265 985 2301 τὸ
1015 2265 1095 2313 μὲν
1123 2264 1351 2315 φάρμακον
1378 2263 1589 2314 ἀφείλετο,
1620 2267 1692 2314 τὴν

129 2330 177 2370 δὲ
207 2330 406 2383 Μ”ἡόειαν
438 2332 614 2382 ἐξέβαλε
648 2338 714 2383 τῆς
747 2331 934 2383 Ἀττικῆς.
970 2335 1180 2384 οἰκήσασα
1208 2333 1251 2371 δὲ
1279 2336 1382 2385 αὕτη
1409 2337 1481 2384 τὴν
1507 2335 1692 2386 πλησίον

130 2401 313 2449 ”Ηλι,ὅος
344 2401 542 2455 ”Εφυραν
574 2403 919 2456 πολυφάρμακον
948 2405 1145 2456 ἐποίησεν
1173 2406 1303 2455 αὐτὴν
1320 2405 1689 2456 ἐπονομασθῆναι.

129 2475 155 2524 ἡ
188 2475 352 2527 ἱστορία
383 2476 502 2527 παρὰ
533 2472 731 2527 Κράτητι.

173 2640 203 2679 l)
227 2649 257 2672 v.
281 2640 416 2677 Wilam‚
441 2641 587 2672 Hermes
610 2641 667 2672 XV
690 2649 722 2681 p.
745 2641 801 2673 481
829 2649 912 2680 δαίμ
947 2641 1083 2679 Κοῠεῐῐ,
1107 2642 1251 2674 Hermes
1275 2642 1331 2674 XV
1353 2650 1386 2682 p.
1408 2642 1478 2675 485.
1512 2642 1563 2675 Cf.
1587 2644 1690 2676 eiiam

129 2693 177 2725 M.
200 2693 329 2733 Mayer‚
354 2693 397 2726 de
421 2694 536 2734 Eurip.
560 2694 788 2734 Mythopoeia
810 2702 843 2734 p.
865 2693 906 2727 59
929 2702 1007 2734 sqq.

1633 2801 1689 2843 55
