2174 3374
175 527 434 582 explicatur,
483 538 560 569 cur
606 527 770 569 Medea
812 524 898 581 ips‘i
940 528 1166 569 certamini
1211 529 1340 580 adsit3
1384 528 1579 584 Purgold
1605 530 1642 581 ¹)
1677 530 1731 572 de

96 589 108 597 f
174 598 331 641 Iasone
380 598 547 653 cogitat
594 599 636 639 et
683 597 945 652 opinionem
995 609 1121 640 suam
1171 611 1259 641 non
1309 600 1592 642 mediocriter
1633 612 1732 642 cor—

175 669 403 712 roboravit
430 669 736 723 comparando
766 668 896 710 aliam
928 668 1099 710 Iasonis
1127 671 1457 712 tauromachiae
1478 671 1731 726 imaginem,

173 742 352 782 nostrae
395 739 682 782 simillimam.
718 739 953 794 Repugnat
987 741 1148 789 autem,
1183 741 1305 794 quod
1339 741 1468 783 lason
1504 742 1546 783 in
1581 743 1731 795 mytho

174 821 263 853 non
297 822 450 860 unum,
484 810 564 852 sed
599 810 715 852 duos
748 812 900 852 tauros
933 810 1105 852 frenare
1140 822 1318 864 semper
1351 811 1525 853 dicitur.

233 879 416 931 Dubito,
474 881 556 923 utri
610 881 722 935 parti
774 892 842 923 me
892 881 1133 936 adiungam
1184 881 1226 923 in
1278 893 1322 923 re
1371 884 1458 923 tam
1508 883 1731 937 ambigua.

173 952 331 1007 Neque
364 952 551 995 multum
585 953 641 994 ad
676 964 821 994 meam
856 952 1209 1006 disputationem
1244 951 1386 1002 refert,
1421 964 1535 1006 quae
1555 955 1733 1006 paterae

173 1022 426 1067 Codrianae
474 1023 669 1078 imagine
718 1023 827 1065 satis
875 1023 1132 1065 sustinetur.
1178 1021 1322 1064 Huius
1367 1024 1544 1076 paterae
1578 1023 1733 1064 artifici

173 1093 579 1149 EuripidisAegei
623 1095 932 1148 argumentum
978 1096 1078 1135 ante
1123 1093 1281 1135 oculos
1315 1093 1599 1135 obversatum
1634 1105 1734 1136 esse

172 1164 259 1207 sibi
294 1165 518 1219 persuasit
549 1164 800 1216 Michaelis,
835 1165 1007 1219 quippe
1041 1165 1192 1218 qui—-
1221 1166 1266 1206 ut
1298 1174 1433 1218 supra
1465 1164 1734 1206 vidimus—

172 1247 351 1278 omnem
379 1235 610 1286 rationem,
641 1247 756 1289 quae
786 1236 898 1278 inter
925 1236 1133 1278 Medeam
1154 1237 1195 1277 et
1211 1234 1409 1290 Aegeum
1430 1235 1734 1286 intercederet,

172 1305 229 1348 ab
259 1305 471 1360 Euripide
500 1307 795 1362 excogitatam
827 1318 927 1349 esse
947 1309 1083 1360 putet.
1109 1306 1238 1349 Unde
1258 1308 1519 1359 sequeretur
1538 1308 1733 1359 pateram

172 1378 369 1419 nostram
411 1377 579 1419 ultimis
622 1377 764 1430 quinti
810 1377 977 1419 saeculi
1022 1377 1257 1419 decenniis
1297 1377 1461 1431 pictam
1497 1387 1609 1418 esse.
1647 1374 1734 1418 Sed

171 1448 249 1490 toti
283 1447 522 1490 Michaelis
556 1448 928 1502 argumentationi
958 1447 1297 1489 fundamentum
1327 1447 1603 1490 subtraxitv.
1624 1448 1665 1489 d.
1686 1446 1733 1488 Β.

173 1515 375 1570 Graef‚²)
419 1519 494 1572 qui
540 1519 691 1561 multis
730 1519 932 1561 eiusdem
976 1518 1153 1574 generis
1197 1518 1450 1572 similisque
1491 1520 1734 1560 structurae

172 1592 214 1631 et
256 1590 438 1631 ornatus
479 1589 602 1631 vasis
645 1590 918 1644 comparatis
961 1590 1170 1639 convicit,
1216 1591 1414 1643 pateram
1463 1586 1733 1631 Codrianam

172 1660 291 1702 haud
326 1661 385 1702 ita
417 1660 556 1702 multo
591 1663 694 1715 post
728 1672 861 1715 quarn
897 1659 1058 1703 Persae
1077 1659 1274 1702 Athenas
1293 1662 1526 1702 vastarunt
1545 1659 1737 1711 (circiter

171 1731 284 1773 inter
315 1742 482 1773 annum
514 1731 602 1773 470
636 1733 677 1773 et
708 1731 812 1783 460)
847 1731 1097 1774 confectam
1133 1743 1247 1774 esse.

230 1801 363 1853 Quod
412 1803 449 1845 si
499 1803 559 1844 ita
606 1814 654 1845 se
704 1803 838 1845 habet
871 1826 924 1831 -
970 1804 1076 1845 mihi
1112 1802 1295 1856 quidem
1331 1802 1426 1844 eius
1461 1803 1733 1856 argumenta,

171 1885 287 1927 quae
315 1873 436 1927 apud
466 1873 613 1928 ipsum
633 1874 804 1924 videas,
826 1886 913 1915 non
932 1874 1063 1916 facile
1084 1873 1222 1915 refelli
1245 1883 1382 1927 posse
1402 1872 1608 1914 videntur
1626 1869 1657 1921 3)
1679 1895 1729 1899 -

170 1944 359 1987 Medeae
392 1956 493 1987 cum
528 1956 679 2000 regum
713 1943 958 1987 Atticorum
988 1945 1123 1987 domo
1154 1943 1381 1985 vinculum
1413 1944 1498 1984 iam
1529 1943 1603 1984 diu
1633 1944 1733 1984 ante

172 2015 400 2069 Euripidis
443 2017 630 2058 aetatem
677 2027 838 2058 nexum
875 2018 954 2058 est.
1004 2015 1155 2068 Itaque
1190 2014 1428 2068 Euripides
1462 2013 1732 2068 singularem

172 2085 292 2128 illam
325 2087 595 2137 versionem,
630 2098 745 2140 quae
779 2087 899 2140 apud
929 2086 1307 2140 Mythographum
1339 2084 1473 2125 obvia
1501 2084 1633 2125 nobis
1653 2086 1732 2135 est,

171 2168 369 2199 creare
403 2169 492 2199 non
527 2158 698 2211 potuit;
733 2159 868 2200 restat
902 2159 947 2199 ut
981 2167 1249 2211 quaeramus
1283 2167 1337 2196 an
1373 2167 1468 2197 eam
1504 2155 1546 2196 in
1581 2155 1734 2197 drama

171 2239 300 2270 suum
335 2229 641 2282 receperit.
677 2227 810 2279 Quod
846 2228 964 2270 haud
999 2228 1058 2269 ita
1090 2227 1221 2269 facile
1257 2238 1337 2280 pro
1369 2228 1488 2267 certo
1518 2225 1731 2276 effeceris,

171 2310 445 2353 quamquam
505 2299 590 2341 hoc
639 2301 739 2341 ante
788 2299 938 2340 omnia
986 2297 1229 2340 tenendum
1278 2299 1344 2338 est
1393 2297 1507 2338 hanc
1554 2296 1732 2339 fabulae

169 2371 357 2413 formam
402 2372 506 2424 post
548 2370 666 2412 bella
709 2368 890 2412 Persica
932 2370 1042 2411 satis
1086 2370 1235 2410 notam
1272 2367 1426 2417 fuisse,
1461 2368 1673 2420 quoniam
1708 2380 1732 2409 a

172 2443 307 2496 poeta
355 2441 551 2496 quodam
601 2441 801 2483 instituta
849 2441 979 2482 etiam
1030 2439 1085 2481 ab
1134 2438 1378 2480 artificibus
1421 2438 1731 2492 recipiebatur,

172 2514 331 2567 postea
378 2514 524 2554 autem
583 2523 827 2566 numquam
875 2511 966 2553 fere
1015 2511 1111 2553 eius
1160 2510 1430 2551 mentionem
1479 2509 1586 2550 fieri.
1644 2507 1730 2558 Qui

214 2629 245 2669 1)
268 2629 368 2661 Arch.
392 2628 464 2668 Zlg.
491 2627 569 2659 1883
593 2636 624 2667 p.
651 2627 708 2659 163
721 2635 797 2667 sqq.

210 2683 245 2722 2)
268 2682 368 2714 Arch.
388 2681 439 2723 Jb.
463 2681 531 2713 Xlll
562 2680 640 2713 1898
663 2689 694 2720 p.
717 2680 851 2712 65-73.

211 2735 245 2776 3)
268 2735 409 2769 Graefio
433 2742 575 2775 quoque
599 2734 830 2774 adstipulatur
854 2732 1008 2773 Gruppe,
1032 2732 1088 2765 Gr.
1113 2731 1217 2772 Myth.
1240 2730 1323 2770 5802.

1674 2834 1731 2877 69
