2174 3374
546 510 704 552 Filium
748 521 877 552 suum
922 510 1053 564 igitur
1096 510 1138 551 in
1179 510 1265 552 fine
1299 510 1513 552 dramatis
1557 512 1680 564 pater
1722 510 1946 553 allocutus
1980 512 2047 553 est

487 582 528 622 et
564 580 618 622 de
653 580 873 634 principis
906 580 1069 622 officiis
1102 580 1349 622 admonuit.
1383 579 1437 622 At
1470 581 1649 623 obstare
1677 581 1852 623 videtur
1878 581 1927 623 fr.
1946 581 2046 632 360,

486 662 550 693 vs.
586 651 641 692 22
674 662 790 705 sqq„
824 650 899 692 ubi
935 649 1171 693 Praxithea
1204 651 1314 692 haec
1350 650 1486 693 dicit:

782 725 819 761 εἰ
851 720 956 773 δ’ἦν
988 724 1033 760 ἐν
1067 726 1198 769 οἴκοις
1231 724 1322 761 άντὶ
1355 723 1547 774 θηλειῶν
1580 724 1734 775 στάχυς

781 795 930 846 ἄρσην,
963 794 1093 832 πόλιν
1126 793 1169 832 δὲ
1201 793 1391 844 πολεμία
1423 798 1588 846 κατεῖχε
1620 794 1741 845 φλόξ,

784 866 860 903 οὐκ
893 866 947 903 ἄν
978 879 1045 903 νιν
1078 866 1316 915 ἐξέπεμπον
1349 867 1407 911 εἰς
1438 866 1584 917 μάχην
1616 863 1750 917 δορός,

783 936 977 974 θάνατον
1008 931 1292 989 προταρβοῦσ’
1314 946 1323 985 ;

546 1004 681 1056 Quod
729 1006 875 1047 autem
926 1005 1078 1060 regina
1128 1006 1212 1047 hoc
1262 1005 1364 1048 loco
1423 1005 1508 1048 sibi
1557 1004 1697 1047 filium
1747 1016 1847 1048 esse
1896 1006 2048 1059 aperte

487 1078 632 1131 negat,
681 1087 770 1118 non
820 1076 1069 1131 urgendum
1117 1076 1305 1120 videtur.
1356 1076 1562 1119 Habebat
1610 1087 1718 1119 sane
1765 1076 1919 1127 filium,
1968 1075 2049 1118 sed

487 1159 592 1197 non,
650 1145 830 1200 qualem
891 1147 934 1188 in
984 1146 1153 1189 bellum
1204 1148 1375 1190 mittere
1424 1149 1593 1202 posset,
1643 1158 1782 1201 quare
1831 1146 2052 1190 exclamat

1197 1218 1298 1258 ἀλλ’
1332 1217 1466 1271 ἔμοιγ’
1501 1223 1563 1272 εἴη
1597 1221 1719 1259 τέκνα

576 1291 603 1327 ἂ
635 1293 727 1328 καὶ
758 1291 999 1341 μάχοιτο
1031 1293 1122 1328 καὶ
1154 1287 1263 1340 μετ’
1298 1289 1574 1343 ἀνδράσιν
1605 1292 1819 1344 πρέποι,

573 1364 633 1411 μὴ
667 1355 847 1412 σχήματ’
880 1360 1025 1406 ἄλλως
1057 1361 1102 1399 ἐν
1133 1361 1258 1400 πόλει
1290 1358 1528 1412 πεφυκόταέ
1563 1359 1630 1412 (fr.
1650 1359 1737 1402 360
1758 1370 1822 1402 VS.
1842 1360 1899 1403 25
1918 1356 2049 1414 sqq).

488 1429 589 1472 Erat
622 1429 829 1472 nimirum
864 1429 1108 1472 admodum
1144 1430 1335 1480 iuvenis,
1364 1432 1409 1472 ut
1438 1429 1658 1474 efficimus
1687 1431 1878 1474 everbis
1897 1431 2050 1485 patris,

489 1512 675 1555 puerum
709 1500 774 1543 sic
809 1500 1112 1554 alloquentis:
1162 1501 1165 1503 ’

662 1575 667 1579 ’
1196 1573 1416 1624 βούλομαι
1449 1573 1493 1612 δὲ
1526 1576 1607 1622 σοι’,
1633 1575 1788 1622 τέκνον,

673 1665 721 1669 -
755 1648 981 1697 φρονεῖς
1014 1648 1114 1697 γὰρ
1146 1643 1242 1696 ἤδη
1290 1643 1555 1696 κάποσῴσαι’
1590 1647 1644 1683 ἂν
1675 1648 1830 1698 πατρὸς

753 1717 923 1765 γνώμας
955 1716 1206 1768 φράσανῑος,
1241 1717 1292 1766 ἢν
1326 1716 1448 1754 θάνω
1481 1737 1538 1742 —-
1569 1717 1827 1768 παραινέσαι

1395 1796 1431 1826 e.
1467 1796 1509 1839 q.
1540 1795 1574 1827 s.
1610 1781 1678 1838 (fr.
1713 1785 1799 1827 362
1833 1781 1962 1838 init).

549 1853 757 1908 Denique
792 1854 935 1897 SChOl.
969 1854 1087 1896 Arati
1126 1855 1236 1897 172:
1289 1856 1523 1909 Εὐριπίδης
1553 1860 1633 1908 μὲν
1666 1858 1741 1896 οὖν
1774 1858 1819 1896 ἐν
1852 1854 2052 1910 Ἐρεχθεῖ

488 1930 558 1972 τὰς
607 1924 848 1979 Ἐρεχθέως
894 1928 1132 1980 θυγατέρας
1179 1926 1335 1974 ἽΓάὸας
1376 1932 1478 1979 φησὶ
1521 1929 1736 1979 γενέσθαι,
1775 1932 1880 1980 τρεῖς
1923 1929 2052 1973 οὔσας

489 2006 573 2037 nos
622 1996 768 2046 docet,
817 1996 1066 2038 Minervam
1117 1997 1160 2038 in
1209 1996 1296 2038 fine
1339 1997 1553 2039 dramatis
1587 1997 1884 2039 intervenisse
1917 1998 2051 2050 atque

488 2066 677 2108 filiarum
711 2064 814 2119 (nec
849 2078 939 2109 non
974 2065 1133 2122 patris)
1167 2067 1348 2110 divinos
1376 2068 1571 2110 honores
1605 2067 1775 2123 institui
1817 2067 2020 2110 iussisse.

548 2209 743 2252 Fabulae
776 2209 919 2252 forma
953 2209 1209 2264 Euripidea,
1245 2200 1467 2264 quantum
1494 2210 1587 2252 fieri
1624 2211 1810 2264 poterat,
1851 2210 2053 2252 restituta

490 2282 588 2324 eius
621 2292 911 2336 progressum
946 2281 1068 2335 apud
1103 2281 1283 2335 aliquos
1317 2281 1562 2335 scriptores
1601 2282 1742 2323 aetate
1777 2281 2052 2335 posteriores

490 2352 702 2406 indagare
742 2354 890 2406 atque,
935 2354 1158 2406 quatenus
1202 2352 1416 2394 chronica
1459 2351 1603 2394 Attica
1642 2351 1830 2394 eandem
1864 2351 2050 2393 formam

490 2423 753 2476 exprimant,
788 2424 979 2465 statuere
1013 2423 1290 2464 conabimur.

549 2492 757 2548 Legimus
804 2494 926 2548 apud
976 2491 1160 2536 Suidam
1206 2492 1499 2541 (Phanodem.
1543 2492 1592 2535 fr.
1641 2493 1684 2545 3)
1708 2490 1761 2543 ¹):
1810 2494 2049 2546 Παρθένου

531 2666 560 2705 1)
592 2666 948 2706 Atthidographorum
977 2667 1171 2706 fragmenta
1201 2668 1270 2699 cito
1293 2674 1334 2699 ex
1365 2666 1542 2704 „Muelleri
1568 2667 1700 2706 Fragm.
1726 2666 1810 2699 Hist.
1835 2666 1914 2699 Gr.'’
1938 2667 2007 2700 vol.
2031 2668 2052 2706 1,

490 2726 522 2758 p.
545 2718 606 2750 359
631 2727 708 2758 sqq.

491 2822 548 2864 22
