2174 3374
464 495 695 549 assignare
745 505 1002 548 possumus.
1054 493 1110 536 Ut
1158 506 1293 535 unum
1344 493 1600 547 exemplum
1645 493 1849 535 afferam:
1885 494 2024 544 Medi,

464 565 599 620 Aegei
659 567 700 606 et
758 564 945 606 Medeae
1004 564 1097 613 filii,
1148 575 1227 605 nec
1288 566 1388 605 ante
1448 575 1529 605 nec
1588 564 1707 617 apud
1767 563 2025 617 Euripidem

464 636 602 678 ullum
654 636 770 676 extat
817 634 1082 688 vestigium3
1132 634 1420 688 investigatio
1469 635 1615 675 tamen
1665 636 1706 676 et
1750 635 2026 688 comparatio

465 708 694 748 auctorum
745 704 903 746 aetatis
950 705 1133 746 serioris
1183 715 1266 746 nos
1314 704 1492 753 docent,
1538 705 1651 745 hanc
1697 715 1935 758 personam
1971 705 2027 747 ab

465 775 675 830 Euripide
710 777 901 816 creatam
936 777 977 816 et
1010 775 1053 816 in
1087 775 1284 829 Aegeum
1319 785 1444 816 suam
1481 775 1690 816 insertam
1725 786 1839 817 esse.
1865 772 1905 828 1)

526 847 621 889 Hoc
669 848 786 887 certe
835 846 878 886 in
928 846 1090 900 vulgus
1139 847 1332 887 statuere
1381 846 1512 887 licet:
1548 843 1592 887 Si
1627 844 1756 887 Attici
1792 846 2027 887 cuiusdam

465 919 601 972 rnythi
637 927 754 971 pars,
790 919 888 958 ante
919 916 1179 970 Euripidem
1216 916 1348 970 plane
1384 916 1549 970 ignota,
1586 918 1744 970 postea
1772 916 1892 970 apud
1922 927 2030 958 auc-

465 993 585 1032 tores
641 989 813 1031 Atticos
873 989 1043 1042 passim
1103 989 1300 1041 apparet,
1355 988 1516 1040 sponte
1567 987 1764 1029 nascitur
1811 987 2028 1041 suspicio,

466 1061 581 1102 hanc
626 1062 794 1114 partem
845 1071 868 1100 a
918 1061 1052 1112 poeta
1101 1060 1174 1099 aut
1219 1058 1443 1099 inventam
1479 1060 1554 1099 aut
1587 1059 1880 1112 propagatam
1915 1068 2030 1108 esse,

467 1143 741 1185 quamquam
775 1130 877 1172 talis
906 1129 1109 1183 suspicio
1145 1128 1351 1182 pluribus
1385 1130 1427 1169 et
1454 1128 1738 1183 gravioribus
1757 1128 2033 1183 argumentis

467 1202 717 1245 confirmari
753 1201 888 1243 debet
921 1203 962 1242 et
995 1210 1334 1252 nonnumquam
1371 1210 1523 1241 revera
1555 1198 1852 1240 confirmatur.
1888 1196 2030 1241 Simili

468 1273 602 1316 modo
648 1272 917 1314 elementum
961 1270 1191 1324 quoddam
1237 1271 1337 1311 ante
1383 1269 1643 1323 Euripidem
1687 1269 1975 1318 celebratum,
2009 1280 2034 1310 a

469 1343 663 1398 posteris
706 1346 853 1384 tamen
899 1353 921 1383 e
963 1341 1143 1382 fabulae
1188 1340 1397 1382 contextu
1441 1340 1678 1394 expulsum
1715 1342 1847 1393 atque
1881 1339 2032 1381 subito

468 1417 635 1457 tantum
696 1426 785 1455 non
846 1423 1030 1467 prorsus
1089 1412 1345 1461 evanidum,
1396 1410 1660 1465 Euripidem
1711 1411 1776 1452 eis
1825 1410 2034 1464 exemplo

467 1485 607 1527 fuisse
642 1485 950 1538 suspicionem
986 1484 1147 1524 movet.
1169 1480 1203 1536 2)

527 1557 769 1598 Auctorum
821 1555 953 1609 igitur
994 1553 1238 1595 Atticorum
1280 1552 1510 1606 Euripidis
1553 1553 1695 1594 aetate
1735 1551 2033 1605 posteriorum

471 1627 756 1681 investigatio
801 1628 936 1679 atque
982 1624 1259 1678 comparatio
1304 1625 1511 1665 accurata
1555 1634 1643 1664 non
1687 1622 1833 1664 solum
1873 1621 2034 1663 melius

469 1698 688 1740 illustrare
734 1698 894 1750 potest,
939 1698 1219 1749 quantopere
1265 1696 1398 1748 poeta
1437 1693 1558 1747 apud
1593 1695 1801 1746 posteros
1833 1692 2034 1742 valuerit,

469 1768 549 1810 sed.
594 1768 726 1809 etiam
771 1767 917 1820 ipsius
960 1768 1121 1819 poetae
1166 1765 1423 1819 tragoedias
1467 1763 1727 1818 deperditas
1776 1763 1934 1817 partim
1978 1763 2034 1805 ad

468 1840 603 1881 vitam
639 1849 847 1880 revocare
884 1838 924 1878 et
957 1836 1092 1890 mythi
1129 1836 1322 1877 alicuius
1356 1835 1547 1889 vestigia
1576 1845 1720 1887 usque
1749 1834 1804 1876 ad
1833 1835 2036 1887 tempora

471 1910 684 1964 Euripide
729 1908 984 1962 antiquiora
1029 1907 1240 1961 persequi
1288 1906 1509 1947 interdum
1555 1916 1637 1947 nos
1681 1905 1798 1946 sinit.
1833 1903 2033 1955 Quorum

471 1983 700 2023 auctorum
753 1980 794 2021 in
846 1990 1032 2020 numero
1083 1977 1342 2031 primarium
1393 1976 1539 2018 locum
1585 1976 1789 2017 obtinent
1829 1974 2036 2016 Atthido-

471 2051 644 2106 graphi,
690 2050 765 2104 qui
809 2050 851 2090 in
893 2049 1133 2091 annalibus
1166 2048 1260 2090 suis
1294 2049 1429 2088 totam
1463 2045 1632 2088 Atticae
1666 2045 1896 2088 historiam
1932 2045 2035 2087 inde

472 2134 496 2164 a
528 2121 736 2163 fabulosa
770 2121 942 2175 origine
977 2120 1342 2173 composuerunt.

532 2192 667 2234 Hisce
726 2192 953 2233 Atthidum
1015 2189 1313 2244 scriptoribus
1373 2188 1491 2230 haud
1553 2188 1611 2230 ita
1670 2187 1809 2229 multo
1867 2189 1968 2229 ante
2011 2197 2037 2228 a

473 2263 703 2317 plerisque
739 2263 972 2305 historicis
1007 2261 1240 2304 hodiernis
1273 2262 1441 2302 tantum
1478 2270 1567 2300 non
1604 2269 1790 2313 prorsus
1820 2257 2039 2312 neglectis

473 2336 606 2388 atque
652 2335 711 2376 ita
755 2334 895 2376 densa
941 2333 1134 2388 caligine
1178 2331 1336 2373 mersis
1381 2330 1580 2372 debitum
1616 2330 1831 2371 honorem
1866 2328 2037 2381 primus

474 2405 625 2446 tribuit
659 2417 697 2446 v.
734 2404 1048 2453 Wilamowitz,
1073 2401 1114 2456 3)
1149 2402 1224 2456 qui
1260 2401 1418 2455 partim
1453 2403 1570 2442 certe

771 2478 874 2529 r›215'966
905 2479 984 2526 μὲν
1017 2474 1234 2514 ’σκέδασεν
1265 2478 1335 2512 καὶ
1370 2475 1540 2511 ἀπῶσεν
1573 2472 1769 2523 ὀμίχλην.

513 2595 628 2634 l)Vid.
653 2596 750 2634 plura
776 2595 818 2626 de
844 2595 907 2626 hac
932 2602 966 2625 re
991 2594 1077 2625 infra
1102 2601 1176 2632 cap.
1202 2593 1249 2624 lll.

514 2650 547 2687 2)
562 2648 731 2687 Quisquis
747 2649 945 2687 exemplum
960 2648 1110 2686 requirit,
1125 2647 1285 2685 vid.quae
1300 2645 1473 2677 deThesei
1485 2644 1894 2684 coronadisputavimus,
1905 2651 1978 2683 cap.
1989 2643 2037 2674 lv.

515 2702 548 2740 3)
564 2702 764 2732 Asisloieics
790 2701 860 2733 und
885 2701 994 2732 Athen
1020 2700 1040 2737 1,
1065 2709 1096 2739 p.
1119 2698 1292 2731 260—290.

476 2803 502 2845 6
