<?xml version="1.0" encoding="UTF-8"?>
<!DOCTYPE html PUBLIC "-//W3C//DTD XHTML 1.0 Transitional//EN"
    "http://www.w3.org/TR/xhtml1/DTD/xhtml1-transitional.dtd">
<html xmlns="http://www.w3.org/1999/xhtml" xml:lang="en" lang="en">
 <head>
  <title>
</title>
<meta http-equiv="Content-Type" content="text/html;charset=utf-8" />
  <meta name='ocr-system' content='tesseract 3.04.00' />
  <meta name='ocr-capabilities' content='ocr_page ocr_carea ocr_par ocr_line ocrx_word'/>
</head>
<body>
  <div class='ocr_page' id='page_1' title='image "./erechtheusetthes00schwuoft_0117.png"; bbox 0 0 2174 3374; ppageno 0'>
   <div class='ocr_carea' id='block_1_1' title="bbox 122 474 1723 1087">
    <p class='ocr_par' dir='ltr' id='par_1_1' title="bbox 122 474 1723 1087">
     <span class='ocr_line' id='line_1_1' title="bbox 168 474 1720 530; baseline -0.002 -11"><span class='ocrx_word' id='word_1_1' title='bbox 168 487 283 527; x_wconf 90' lang='lat' dir='ltr'><strong>esse,</strong></span> <span class='ocrx_word' id='word_1_2' title='bbox 317 476 396 519; x_wconf 89' lang='lat' dir='ltr'><strong>sed</strong></span> <span class='ocrx_word' id='word_1_3' title='bbox 424 478 686 530; x_wconf 82' lang='lat' dir='ltr'><strong>tempestate</strong></span> <span class='ocrx_word' id='word_1_4' title='bbox 716 476 758 518; x_wconf 92' lang='lat' dir='ltr'><strong>in</strong></span> <span class='ocrx_word' id='word_1_5' title='bbox 789 474 986 519; x_wconf 89' lang='lat' dir='ltr'><strong>Siciliam</strong></span> <span class='ocrx_word' id='word_1_6' title='bbox 1016 476 1205 518; x_wconf 91' lang='lat' dir='ltr'><strong>eiectum</strong></span> <span class='ocrx_word' id='word_1_7' title='bbox 1235 475 1294 517; x_wconf 95' lang='lat' dir='ltr'><strong>ibi</strong></span> <span class='ocrx_word' id='word_1_8' title='bbox 1325 476 1508 517; x_wconf 91' lang='lat' dir='ltr'><strong>mortem</strong></span> <span class='ocrx_word' id='word_1_9' title='bbox 1537 475 1720 517; x_wconf 89' lang='lat' dir='ltr'><strong>obiisse.</strong></span> 
     </span>
     <span class='ocr_line' id='line_1_2' title="bbox 168 545 1721 599; baseline -0.002 -9"><span class='ocrx_word' id='word_1_10' title='bbox 168 547 296 590; x_wconf 90' lang='lat' dir='ltr'><strong>Tunc</strong></span> <span class='ocrx_word' id='word_1_11' title='bbox 338 546 678 599; x_wconf 80' lang='lat' dir='ltr'>Deucalionem,</span> <span class='ocrx_word' id='word_1_12' title='bbox 720 547 889 589; x_wconf 87' lang='lat' dir='ltr'><strong>Minois</strong></span> <span class='ocrx_word' id='word_1_13' title='bbox 926 547 1080 597; x_wconf 80' lang='lat' dir='ltr'><strong>filium,</strong></span> <span class='ocrx_word' id='word_1_14' title='bbox 1111 546 1462 588; x_wconf 82' lang='lat' dir='ltr'><strong>Atheniensibus</strong></span> <span class='ocrx_word' id='word_1_15' title='bbox 1497 545 1721 597; x_wconf 82' lang='lat' dir='ltr'><strong>infestum,</strong></span> 
     </span>
     <span class='ocr_line' id='line_1_3' title="bbox 169 617 1722 672; baseline -0.002 -11"><span class='ocrx_word' id='word_1_16' title='bbox 169 617 418 661; x_wconf 86' lang='lat' dir='ltr'><strong>Daedalum</strong></span> <span class='ocrx_word' id='word_1_17' title='bbox 453 618 538 660; x_wconf 92' lang='lat' dir='ltr'><strong>sibi</strong></span> <span class='ocrx_word' id='word_1_18' title='bbox 574 618 677 660; x_wconf 89' lang='lat' dir='ltr'><strong>dedi</strong></span> <span class='ocrx_word' id='word_1_19' title='bbox 711 619 914 669; x_wconf 91' lang='lat' dir='ltr'><strong>iussisse,</strong></span> <span class='ocrx_word' id='word_1_20' title='bbox 948 618 1117 672; x_wconf 90' lang='lat' dir='ltr'><strong>alioqui</strong></span> <span class='ocrx_word' id='word_1_21' title='bbox 1137 629 1185 660; x_wconf 92' lang='lat' dir='ltr'><strong>se</strong></span> <span class='ocrx_word' id='word_1_22' title='bbox 1218 628 1396 671; x_wconf 86' lang='lat' dir='ltr'><strong>pueros,</strong></span> <span class='ocrx_word' id='word_1_23' title='bbox 1431 628 1546 671; x_wconf 88' lang='lat' dir='ltr'><strong>quos</strong></span> <span class='ocrx_word' id='word_1_24' title='bbox 1572 617 1722 658; x_wconf 87' lang='lat' dir='ltr'><strong>Minos</strong></span> 
     </span>
     <span class='ocr_line' id='line_1_4' title="bbox 169 687 1722 744; baseline -0.001 -13"><span class='ocrx_word' id='word_1_25' title='bbox 169 689 356 732; x_wconf 90' lang='lat' dir='ltr'><strong>obsides</strong></span> <span class='ocrx_word' id='word_1_26' title='bbox 399 690 664 744; x_wconf 85' lang='lat' dir='ltr'><strong>accepisset,</strong></span> <span class='ocrx_word' id='word_1_27' title='bbox 708 688 1037 731; x_wconf 68' lang='lat' dir='ltr'><strong>interfecturum</strong></span> <span class='ocrx_word' id='word_1_28' title='bbox 1078 699 1177 730; x_wconf 90' lang='lat' dir='ltr'><strong>esse</strong></span> <span class='ocrx_word' id='word_1_29' title='bbox 1210 688 1558 730; x_wconf 83' lang='lat' dir='ltr'><strong>denuntiantem.</strong></span> <span class='ocrx_word' id='word_1_30' title='bbox 1593 687 1722 730; x_wconf 89' lang='lat' dir='ltr'><strong>Unde</strong></span> 
     </span>
     <span class='ocr_line' id='line_1_5' title="bbox 122 758 1723 814; baseline -0.002 -12"><span class='ocrx_word' id='word_1_31' title='bbox 122 759 125 762; x_wconf 55' lang='lat'><strong>⁴</strong></span> <span class='ocrx_word' id='word_1_32' title='bbox 169 760 336 803; x_wconf 92' lang='lat' dir='ltr'><strong>bellum</strong></span> <span class='ocrx_word' id='word_1_33' title='bbox 370 762 512 802; x_wconf 89' lang='lat' dir='ltr'><strong>ortum</strong></span> <span class='ocrx_word' id='word_1_34' title='bbox 547 771 660 808; x_wconf 89' lang='lat' dir='ltr'><strong>esse,</strong></span> <span class='ocrx_word' id='word_1_35' title='bbox 697 760 740 801; x_wconf 93' lang='lat' dir='ltr'><strong>in</strong></span> <span class='ocrx_word' id='word_1_36' title='bbox 775 771 865 814; x_wconf 91' lang='lat' dir='ltr'><strong>quo</strong></span> <span class='ocrx_word' id='word_1_37' title='bbox 900 759 1118 810; x_wconf 89' lang='lat' dir='ltr'><strong>Theseus,</strong></span> <span class='ocrx_word' id='word_1_38' title='bbox 1153 759 1325 813; x_wconf 90' lang='lat' dir='ltr'><strong>proelio</strong></span> <span class='ocrx_word' id='word_1_39' title='bbox 1354 759 1397 800; x_wconf 93' lang='lat' dir='ltr'><strong>in</strong></span> <span class='ocrx_word' id='word_1_40' title='bbox 1427 760 1553 813; x_wconf 92' lang='lat' dir='ltr'><strong>porta</strong></span> <span class='ocrx_word' id='word_1_41' title='bbox 1581 758 1723 812; x_wconf 91' lang='lat' dir='ltr'><strong>Laby-</strong></span> 
     </span>
     <span class='ocr_line' id='line_1_6' title="bbox 168 829 1722 884; baseline -0.002 -11"><span class='ocrx_word' id='word_1_42' title='bbox 168 831 301 874; x_wconf 91' lang='lat' dir='ltr'><strong>rinthi</strong></span> <span class='ocrx_word' id='word_1_43' title='bbox 345 834 566 884; x_wconf 89' lang='lat' dir='ltr'><strong>conserto,</strong></span> <span class='ocrx_word' id='word_1_44' title='bbox 608 830 932 873; x_wconf 87' lang='lat' dir='ltr'><strong>Deucalionem</strong></span> <span class='ocrx_word' id='word_1_45' title='bbox 982 842 1081 872; x_wconf 92' lang='lat' dir='ltr'><strong>cum</strong></span> <span class='ocrx_word' id='word_1_46' title='bbox 1130 830 1398 872; x_wconf 86' lang='lat' dir='ltr'><strong>satellitibus</strong></span> <span class='ocrx_word' id='word_1_47' title='bbox 1440 829 1722 878; x_wconf 82' lang='lat' dir='ltr'><strong>confecisset,</strong></span> 
     </span>
     <span class='ocr_line' id='line_1_7' title="bbox 170 900 1722 957; baseline -0.003 -12"><span class='ocrx_word' id='word_1_48' title='bbox 170 915 260 957; x_wconf 91' lang='lat' dir='ltr'><strong>quo</strong></span> <span class='ocrx_word' id='word_1_49' title='bbox 292 901 410 945; x_wconf 80' lang='lat' dir='ltr'><strong>facto</strong></span> <span class='ocrx_word' id='word_1_50' title='bbox 444 914 544 944; x_wconf 91' lang='lat' dir='ltr'><strong>cum</strong></span> <span class='ocrx_word' id='word_1_51' title='bbox 577 901 783 953; x_wconf 84' lang='lat' dir='ltr'><strong>Ariadna,</strong></span> <span class='ocrx_word' id='word_1_52' title='bbox 827 913 942 956; x_wconf 90' lang='lat' dir='ltr'><strong>quae</strong></span> <span class='ocrx_word' id='word_1_53' title='bbox 975 901 1093 943; x_wconf 84' lang='lat' dir='ltr'><strong>fratri</strong></span> <span class='ocrx_word' id='word_1_54' title='bbox 1132 902 1441 951; x_wconf 88' lang='lat' dir='ltr'><strong>successisset,</strong></span> <span class='ocrx_word' id='word_1_55' title='bbox 1485 900 1722 942; x_wconf 86' lang='lat' dir='ltr'><strong>amicitiam</strong></span> 
     </span>
     <span class='ocr_line' id='line_1_8' title="bbox 169 970 1723 1026; baseline -0.002 -11"><span class='ocrx_word' id='word_1_56' title='bbox 169 973 401 1023; x_wconf 86' lang='lat' dir='ltr'><strong>iunxisset,</strong></span> <span class='ocrx_word' id='word_1_57' title='bbox 434 973 527 1015; x_wconf 91' lang='lat' dir='ltr'><strong>iure</strong></span> <span class='ocrx_word' id='word_1_58' title='bbox 560 972 747 1014; x_wconf 91' lang='lat' dir='ltr'><strong>iurando</strong></span> <span class='ocrx_word' id='word_1_59' title='bbox 781 983 828 1014; x_wconf 89' lang='lat' dir='ltr'><strong>se</strong></span> <span class='ocrx_word' id='word_1_60' title='bbox 863 971 1181 1026; x_wconf 87' lang='lat' dir='ltr'><strong>obstringente‚</strong></span> <span class='ocrx_word' id='word_1_61' title='bbox 1210 982 1453 1025; x_wconf 90' lang='lat' dir='ltr'><strong>numquam</strong></span> <span class='ocrx_word' id='word_1_62' title='bbox 1482 982 1529 1013; x_wconf 91' lang='lat' dir='ltr'><strong>se</strong></span> <span class='ocrx_word' id='word_1_63' title='bbox 1558 970 1723 1012; x_wconf 90' lang='lat' dir='ltr'><strong>bellum</strong></span> 
     </span>
     <span class='ocr_line' id='line_1_9' title="bbox 170 1043 1179 1087; baseline -0.002 0"><span class='ocrx_word' id='word_1_64' title='bbox 170 1055 270 1087; x_wconf 90' lang='lat' dir='ltr'><strong>cum</strong></span> <span class='ocrx_word' id='word_1_65' title='bbox 303 1043 655 1086; x_wconf 85' lang='lat' dir='ltr'><strong>Atheniensibus</strong></span> <span class='ocrx_word' id='word_1_66' title='bbox 690 1043 1031 1085; x_wconf 91' lang='lat' dir='ltr'><strong>commissuram</strong></span> <span class='ocrx_word' id='word_1_67' title='bbox 1066 1053 1179 1085; x_wconf 89' lang='lat' dir='ltr'><strong>esse.</strong></span> 
     </span>
    </p>
   </div>
   <div class='ocr_carea' id='block_1_2' title="bbox 169 1184 1728 2308">
    <p class='ocr_par' dir='ltr' id='par_1_2' title="bbox 169 1184 1727 1740">
     <span class='ocr_line' id='line_1_10' title="bbox 226 1184 1726 1241; baseline -0.001 -13"><span class='ocrx_word' id='word_1_68' title='bbox 226 1185 392 1229; x_wconf 88' lang='lat' dir='ltr'><strong>Thesei</strong></span> <span class='ocrx_word' id='word_1_69' title='bbox 435 1186 571 1240; x_wconf 91' lang='lat' dir='ltr'><strong>mythi</strong></span> <span class='ocrx_word' id='word_1_70' title='bbox 607 1186 906 1241; x_wconf 86' lang='lat' dir='ltr'><strong>investigatio,</strong></span> <span class='ocrx_word' id='word_1_71' title='bbox 941 1196 1075 1239; x_wconf 91' lang='lat' dir='ltr'><strong>quam</strong></span> <span class='ocrx_word' id='word_1_72' title='bbox 1110 1185 1229 1240; x_wconf 90' lang='lat' dir='ltr'><strong>apud</strong></span> <span class='ocrx_word' id='word_1_73' title='bbox 1264 1186 1422 1238; x_wconf 91' lang='lat' dir='ltr'><strong>poetas</strong></span> <span class='ocrx_word' id='word_1_74' title='bbox 1456 1184 1651 1239; x_wconf 85' lang='lat' dir='ltr'><strong>tragicos</strong></span> <span class='ocrx_word' id='word_1_75' title='bbox 1685 1186 1726 1226; x_wconf 91' lang='lat' dir='ltr'><strong>et</strong></span> 
     </span>
     <span class='ocr_line' id='line_1_11' title="bbox 169 1255 1725 1311; baseline -0.002 -11"><span class='ocrx_word' id='word_1_76' title='bbox 169 1256 508 1300; x_wconf 89' lang='lat' dir='ltr'><strong>Atheniensium</strong></span> <span class='ocrx_word' id='word_1_77' title='bbox 565 1257 877 1300; x_wconf 87' lang='lat' dir='ltr'><strong>chronicorum</strong></span> <span class='ocrx_word' id='word_1_78' title='bbox 936 1256 1179 1311; x_wconf 88' lang='lat' dir='ltr'><strong>scriptores</strong></span> <span class='ocrx_word' id='word_1_79' title='bbox 1237 1256 1524 1305; x_wconf 88' lang='lat' dir='ltr'><strong>instituimus,</strong></span> <span class='ocrx_word' id='word_1_80' title='bbox 1577 1255 1725 1297; x_wconf 91' lang='lat' dir='ltr'><strong>denuo</strong></span> 
     </span>
     <span class='ocr_line' id='line_1_12' title="bbox 170 1326 1725 1382; baseline -0.003 -11"><span class='ocrx_word' id='word_1_81' title='bbox 170 1329 400 1380; x_wconf 90' lang='lat' dir='ltr'><strong>iudicium,</strong></span> <span class='ocrx_word' id='word_1_82' title='bbox 449 1339 586 1382; x_wconf 88' lang='lat' dir='ltr'><strong>supra</strong></span> <span class='ocrx_word' id='word_1_83' title='bbox 634 1328 720 1370; x_wconf 93' lang='lat' dir='ltr'><strong>iam</strong></span> <span class='ocrx_word' id='word_1_84' title='bbox 770 1327 954 1382; x_wconf 90' lang='lat' dir='ltr'><strong>saepius</strong></span> <span class='ocrx_word' id='word_1_85' title='bbox 1002 1327 1349 1381; x_wconf 90' lang='lat' dir='ltr'><strong>pronuntiatum,</strong></span> <span class='ocrx_word' id='word_1_86' title='bbox 1393 1326 1725 1368; x_wconf 89' lang='lat' dir='ltr'><strong>corroboravit:</strong></span> 
     </span>
     <span class='ocr_line' id='line_1_13' title="bbox 170 1397 1725 1454; baseline -0.003 -11"><span class='ocrx_word' id='word_1_87' title='bbox 170 1399 468 1443; x_wconf 89' lang='lat' dir='ltr'><strong>Athenienses</strong></span> <span class='ocrx_word' id='word_1_88' title='bbox 516 1400 659 1454; x_wconf 90' lang='lat' dir='ltr'><strong>quarti</strong></span> <span class='ocrx_word' id='word_1_89' title='bbox 710 1401 751 1441; x_wconf 93' lang='lat' dir='ltr'><strong>et</strong></span> <span class='ocrx_word' id='word_1_90' title='bbox 798 1399 910 1441; x_wconf 92' lang='lat' dir='ltr'><strong>tertii</strong></span> <span class='ocrx_word' id='word_1_91' title='bbox 959 1398 1127 1441; x_wconf 89' lang='lat' dir='ltr'><strong>saeculi</strong></span> <span class='ocrx_word' id='word_1_92' title='bbox 1177 1397 1356 1452; x_wconf 92' lang='lat' dir='ltr'><strong>opibus,</strong></span> <span class='ocrx_word' id='word_1_93' title='bbox 1406 1409 1518 1451; x_wconf 89' lang='lat' dir='ltr'><strong>quas</strong></span> <span class='ocrx_word' id='word_1_94' title='bbox 1567 1399 1725 1451; x_wconf 90' lang='lat' dir='ltr'><strong>poetae</strong></span> 
     </span>
     <span class='ocr_line' id='line_1_14' title="bbox 171 1468 1726 1526; baseline -0.003 -12"><span class='ocrx_word' id='word_1_95' title='bbox 171 1472 338 1514; x_wconf 90' lang='lat' dir='ltr'><strong>scenici</strong></span> <span class='ocrx_word' id='word_1_96' title='bbox 379 1472 445 1514; x_wconf 92' lang='lat' dir='ltr'><strong>eis</strong></span> <span class='ocrx_word' id='word_1_97' title='bbox 484 1471 628 1526; x_wconf 88' lang='lat' dir='ltr'><strong>largiti</strong></span> <span class='ocrx_word' id='word_1_98' title='bbox 674 1472 808 1521; x_wconf 90' lang='lat' dir='ltr'><strong>erant,</strong></span> <span class='ocrx_word' id='word_1_99' title='bbox 853 1481 989 1524; x_wconf 90' lang='lat' dir='ltr'><strong>saepe</strong></span> <span class='ocrx_word' id='word_1_100' title='bbox 1032 1471 1156 1524; x_wconf 86' lang='lat' dir='ltr'><strong>grato</strong></span> <span class='ocrx_word' id='word_1_101' title='bbox 1199 1469 1348 1510; x_wconf 90' lang='lat' dir='ltr'><strong>animo</strong></span> <span class='ocrx_word' id='word_1_102' title='bbox 1393 1479 1501 1510; x_wconf 92' lang='lat' dir='ltr'><strong>usos</strong></span> <span class='ocrx_word' id='word_1_103' title='bbox 1539 1479 1637 1511; x_wconf 89' lang='lat' dir='ltr'><strong>esse</strong></span> <span class='ocrx_word' id='word_1_104' title='bbox 1670 1468 1726 1510; x_wconf 93' lang='lat' dir='ltr'><strong>ad</strong></span> 
     </span>
     <span class='ocr_line' id='line_1_15' title="bbox 171 1539 1725 1595; baseline -0.002 -10"><span class='ocrx_word' id='word_1_105' title='bbox 171 1543 401 1585; x_wconf 89' lang='lat' dir='ltr'><strong>historiam</strong></span> <span class='ocrx_word' id='word_1_106' title='bbox 444 1553 571 1585; x_wconf 91' lang='lat' dir='ltr'><strong>suam</strong></span> <span class='ocrx_word' id='word_1_107' title='bbox 613 1540 858 1583; x_wconf 79' lang='lat' dir='ltr'><strong>fabularem</strong></span> <span class='ocrx_word' id='word_1_108' title='bbox 902 1540 1153 1595; x_wconf 86' lang='lat' dir='ltr'><strong>augendam</strong></span> <span class='ocrx_word' id='word_1_109' title='bbox 1187 1541 1319 1593; x_wconf 91' lang='lat' dir='ltr'><strong>atque</strong></span> <span class='ocrx_word' id='word_1_110' title='bbox 1352 1539 1612 1591; x_wconf 91' lang='lat' dir='ltr'><strong>ornandam,</strong></span> <span class='ocrx_word' id='word_1_111' title='bbox 1646 1541 1725 1583; x_wconf 92' lang='lat' dir='ltr'><strong>sed</strong></span> 
     </span>
     <span class='ocr_line' id='line_1_16' title="bbox 171 1610 1727 1668; baseline -0.002 -11"><span class='ocrx_word' id='word_1_112' title='bbox 171 1613 287 1656; x_wconf 91' lang='lat' dir='ltr'><strong>hanc</strong></span> <span class='ocrx_word' id='word_1_113' title='bbox 315 1615 548 1668; x_wconf 89' lang='lat' dir='ltr'><strong>poetarum</strong></span> <span class='ocrx_word' id='word_1_114' title='bbox 573 1612 879 1655; x_wconf 89' lang='lat' dir='ltr'><strong>auctoritatem</strong></span> <span class='ocrx_word' id='word_1_115' title='bbox 909 1622 1087 1665; x_wconf 90' lang='lat' dir='ltr'><strong>semper</strong></span> <span class='ocrx_word' id='word_1_116' title='bbox 1115 1611 1282 1665; x_wconf 88' lang='lat' dir='ltr'><strong>patriae</strong></span> <span class='ocrx_word' id='word_1_117' title='bbox 1306 1610 1464 1652; x_wconf 91' lang='lat' dir='ltr'><strong>honori</strong></span> <span class='ocrx_word' id='word_1_118' title='bbox 1485 1612 1526 1653; x_wconf 91' lang='lat' dir='ltr'><strong>et</strong></span> <span class='ocrx_word' id='word_1_119' title='bbox 1544 1611 1727 1654; x_wconf 89' lang='lat' dir='ltr'><strong>rationis</strong></span> 
     </span>
     <span class='ocr_line' id='line_1_17' title="bbox 172 1684 666 1740; baseline -0.004 -13"><span class='ocrx_word' id='word_1_120' title='bbox 172 1685 426 1740; x_wconf 87' lang='lat' dir='ltr'><strong>praeceptis</strong></span> <span class='ocrx_word' id='word_1_121' title='bbox 458 1684 666 1726; x_wconf 86' lang='lat' dir='ltr'><strong>cessisse.</strong></span> 
     </span>
    </p>

    <p class='ocr_par' dir='ltr' id='par_1_3' title="bbox 172 1751 1728 2308">
     <span class='ocr_line' id='line_1_18' title="bbox 230 1751 1726 1810; baseline -0.004 -11"><span class='ocrx_word' id='word_1_122' title='bbox 230 1754 304 1800; x_wconf 89' lang='lat' dir='ltr'><strong>Sic</strong></span> <span class='ocrx_word' id='word_1_123' title='bbox 350 1755 694 1810; x_wconf 86' lang='lat' dir='ltr'><strong>Atthidographi</strong></span> <span class='ocrx_word' id='word_1_124' title='bbox 742 1753 799 1796; x_wconf 95' lang='lat' dir='ltr'><strong>ab</strong></span> <span class='ocrx_word' id='word_1_125' title='bbox 844 1753 982 1795; x_wconf 90' lang='lat' dir='ltr'><strong>altera</strong></span> <span class='ocrx_word' id='word_1_126' title='bbox 1025 1754 1147 1807; x_wconf 92' lang='lat' dir='ltr'><strong>parte</strong></span> <span class='ocrx_word' id='word_1_127' title='bbox 1192 1763 1326 1794; x_wconf 87' lang='lat' dir='ltr'><strong>caeco</strong></span> <span class='ocrx_word' id='word_1_128' title='bbox 1370 1751 1533 1794; x_wconf 87' lang='lat' dir='ltr'><strong>Thesei</strong></span> <span class='ocrx_word' id='word_1_129' title='bbox 1577 1763 1726 1794; x_wconf 90' lang='lat' dir='ltr'><strong>amore</strong></span> 
     </span>
     <span class='ocr_line' id='line_1_19' title="bbox 172 1823 1726 1882; baseline -0.004 -12"><span class='ocrx_word' id='word_1_130' title='bbox 172 1827 344 1882; x_wconf 87' lang='lat' dir='ltr'><strong>abrepti</strong></span> <span class='ocrx_word' id='word_1_131' title='bbox 363 1837 522 1869; x_wconf 87' lang='lat' dir='ltr'><strong>omnes</strong></span> <span class='ocrx_word' id='word_1_132' title='bbox 549 1827 744 1868; x_wconf 89' lang='lat' dir='ltr'><strong>honores</strong></span> <span class='ocrx_word' id='word_1_133' title='bbox 773 1826 816 1867; x_wconf 93' lang='lat' dir='ltr'><strong>in</strong></span> <span class='ocrx_word' id='word_1_134' title='bbox 846 1836 945 1867; x_wconf 91' lang='lat' dir='ltr'><strong>eum</strong></span> <span class='ocrx_word' id='word_1_135' title='bbox 976 1823 1312 1866; x_wconf 89' lang='lat' dir='ltr'><strong>cumulaverunt</strong></span> <span class='ocrx_word' id='word_1_136' title='bbox 1339 1824 1472 1877; x_wconf 89' lang='lat' dir='ltr'><strong>atque</strong></span> <span class='ocrx_word' id='word_1_137' title='bbox 1500 1824 1726 1877; x_wconf 89' lang='lat' dir='ltr'><strong>tamquam</strong></span> 
     </span>
     <span class='ocr_line' id='line_1_20' title="bbox 172 1894 1728 1949; baseline -0.003 -8"><span class='ocrx_word' id='word_1_138' title='bbox 172 1899 353 1942; x_wconf 91' lang='lat' dir='ltr'><strong>heroem</strong></span> <span class='ocrx_word' id='word_1_139' title='bbox 385 1896 712 1949; x_wconf 84' lang='lat' dir='ltr'><strong>„nationalem”</strong></span> <span class='ocrx_word' id='word_1_140' title='bbox 741 1908 841 1939; x_wconf 90' lang='lat' dir='ltr'><strong>eum</strong></span> <span class='ocrx_word' id='word_1_141' title='bbox 871 1895 1207 1938; x_wconf 89' lang='lat' dir='ltr'><strong>celebraverunt</strong></span> <span class='ocrx_word' id='word_1_142' title='bbox 1235 1894 1422 1948; x_wconf 90' lang='lat' dir='ltr'><strong>eiusque</strong></span> <span class='ocrx_word' id='word_1_143' title='bbox 1451 1894 1667 1949; x_wconf 87' lang='lat' dir='ltr'><strong>originem</strong></span> <span class='ocrx_word' id='word_1_144' title='bbox 1687 1896 1728 1936; x_wconf 87' lang='lat' dir='ltr'><strong>et</strong></span> 
     </span>
     <span class='ocr_line' id='line_1_21' title="bbox 173 1964 1726 2022; baseline -0.005 -10"><span class='ocrx_word' id='word_1_145' title='bbox 173 1980 320 2013; x_wconf 89' lang='lat' dir='ltr'><strong>mores</strong></span> <span class='ocrx_word' id='word_1_146' title='bbox 354 1968 410 2012; x_wconf 92' lang='lat' dir='ltr'><strong>ab</strong></span> <span class='ocrx_word' id='word_1_147' title='bbox 443 1969 564 2010; x_wconf 90' lang='lat' dir='ltr'><strong>omni</strong></span> <span class='ocrx_word' id='word_1_148' title='bbox 598 1967 772 2010; x_wconf 91' lang='lat' dir='ltr'><strong>macula</strong></span> <span class='ocrx_word' id='word_1_149' title='bbox 806 1967 1118 2022; x_wconf 86' lang='lat' dir='ltr'><strong>purgaverunt,</strong></span> <span class='ocrx_word' id='word_1_150' title='bbox 1154 1965 1210 2007; x_wconf 93' lang='lat' dir='ltr'><strong>ab</strong></span> <span class='ocrx_word' id='word_1_151' title='bbox 1243 1964 1379 2007; x_wconf 90' lang='lat' dir='ltr'><strong>altera</strong></span> <span class='ocrx_word' id='word_1_152' title='bbox 1407 1966 1528 2018; x_wconf 91' lang='lat' dir='ltr'><strong>parte</strong></span> <span class='ocrx_word' id='word_1_153' title='bbox 1558 1965 1726 2007; x_wconf 89' lang='lat' dir='ltr'><strong>ratione</strong></span> 
     </span>
     <span class='ocr_line' id='line_1_22' title="bbox 172 2034 1727 2095; baseline -0.005 -12"><span class='ocrx_word' id='word_1_154' title='bbox 172 2040 335 2095; x_wconf 86' lang='lat' dir='ltr'><strong>frigida</strong></span> <span class='ocrx_word' id='word_1_155' title='bbox 367 2039 487 2082; x_wconf 90' lang='lat' dir='ltr'><strong>ducti</strong></span> <span class='ocrx_word' id='word_1_156' title='bbox 519 2039 754 2094; x_wconf 83' lang='lat' dir='ltr'><strong>fulgorem,</strong></span> <span class='ocrx_word' id='word_1_157' title='bbox 798 2049 888 2092; x_wconf 90' lang='lat' dir='ltr'><strong>quo</strong></span> <span class='ocrx_word' id='word_1_158' title='bbox 928 2038 1061 2080; x_wconf 90' lang='lat' dir='ltr'><strong>heros</strong></span> <span class='ocrx_word' id='word_1_159' title='bbox 1096 2037 1139 2078; x_wconf 90' lang='lat' dir='ltr'><strong>in</strong></span> <span class='ocrx_word' id='word_1_160' title='bbox 1173 2047 1308 2078; x_wconf 90' lang='lat' dir='ltr'><strong>scena</strong></span> <span class='ocrx_word' id='word_1_161' title='bbox 1339 2034 1482 2077; x_wconf 91' lang='lat' dir='ltr'><strong>Attica</strong></span> <span class='ocrx_word' id='word_1_162' title='bbox 1515 2034 1727 2089; x_wconf 92' lang='lat' dir='ltr'><strong>splende-</strong></span> 
     </span>
     <span class='ocr_line' id='line_1_23' title="bbox 172 2106 1726 2164; baseline -0.004 -10"><span class='ocrx_word' id='word_1_163' title='bbox 172 2111 262 2162; x_wconf 93' lang='lat' dir='ltr'><strong>bat,</strong></span> <span class='ocrx_word' id='word_1_164' title='bbox 280 2111 632 2153; x_wconf 89' lang='lat' dir='ltr'><strong>obscuraverunt</strong></span> <span class='ocrx_word' id='word_1_165' title='bbox 650 2111 691 2152; x_wconf 93' lang='lat' dir='ltr'><strong>et</strong></span> <span class='ocrx_word' id='word_1_166' title='bbox 710 2109 958 2164; x_wconf 90' lang='lat' dir='ltr'><strong>mythorum</strong></span> <span class='ocrx_word' id='word_1_167' title='bbox 977 2108 1176 2162; x_wconf 92' lang='lat' dir='ltr'><strong>undique</strong></span> <span class='ocrx_word' id='word_1_168' title='bbox 1195 2106 1353 2149; x_wconf 88' lang='lat' dir='ltr'><strong>sedulo</strong></span> <span class='ocrx_word' id='word_1_169' title='bbox 1372 2106 1726 2160; x_wconf 88' lang='lat' dir='ltr'><strong>conquisitorum</strong></span> 
     </span>
     <span class='ocr_line' id='line_1_24' title="bbox 174 2176 1727 2237; baseline -0.004 -12"><span class='ocrx_word' id='word_1_170' title='bbox 174 2184 307 2237; x_wconf 90' lang='lat' dir='ltr'><strong>atque</strong></span> <span class='ocrx_word' id='word_1_171' title='bbox 351 2193 487 2236; x_wconf 90' lang='lat' dir='ltr'><strong>saepe</strong></span> <span class='ocrx_word' id='word_1_172' title='bbox 531 2182 630 2236; x_wconf 89' lang='lat' dir='ltr'><strong>ipsa</strong></span> <span class='ocrx_word' id='word_1_173' title='bbox 674 2182 828 2223; x_wconf 89' lang='lat' dir='ltr'><strong>natura</strong></span> <span class='ocrx_word' id='word_1_174' title='bbox 869 2179 1221 2222; x_wconf 90' lang='lat' dir='ltr'><strong>discordantium</strong></span> <span class='ocrx_word' id='word_1_175' title='bbox 1259 2179 1525 2220; x_wconf 89' lang='lat' dir='ltr'><strong>concentum</strong></span> <span class='ocrx_word' id='word_1_176' title='bbox 1568 2176 1727 2220; x_wconf 82' lang='lat' dir='ltr'><strong>frustra</strong></span> 
     </span>
     <span class='ocr_line' id='line_1_25' title="bbox 175 2253 506 2308; baseline -0.003 -12"><span class='ocrx_word' id='word_1_177' title='bbox 175 2253 506 2308; x_wconf 88' lang='lat' dir='ltr'><strong>quaesiverunt.</strong></span> 
     </span>
    </p>
   </div>
   <div class='ocr_carea' id='block_1_3' title="bbox 1645 2790 1725 2833">
    <p class='ocr_par' dir='ltr' id='par_1_4' title="bbox 1645 2790 1725 2833">
     <span class='ocr_line' id='line_1_26' title="bbox 1645 2790 1725 2833; baseline 0.013 -1"><span class='ocrx_word' id='word_1_178' title='bbox 1645 2790 1725 2833; x_wconf 85' lang='lat'><strong>105</strong></span> 
     </span>
    </p>
   </div>
  </div>
 </body>
</html>
