2174 3374
507 524 723 569 Concedo
772 525 954 579 quidem
1006 525 1229 567 trimetros
1278 525 1321 566 in
1371 524 1559 567 scholiis
1609 523 1781 574 allatos,
1826 523 1863 566 si
1907 523 2007 577 ipsa

447 597 583 638 verba
609 598 803 650 spectas,
833 607 921 637 non
951 595 1089 637 multa
1118 607 1217 637 cum
1247 594 1562 649 Aristophanis
1580 594 1730 637 verbis
1749 594 2007 636 communia

447 667 626 716 habere,
670 667 749 708 sed
789 668 908 708 totus
941 677 1151 708 versuum
1186 665 1312 708 color
1344 668 1386 708 et
1418 677 1559 708 sonus
1593 666 1810 708 minarum
1845 665 2007 719 plenus

448 737 566 779 idem
601 739 679 780 est.

503 807 648 862 Atque
682 831 737 836 —-
770 810 813 851 et
846 809 932 850 hoc
966 808 1282 863 gravissimum
1318 810 1385 850 est
1422 830 1471 835 —
1509 819 1599 850 non
1634 807 1860 862 intellego,
1897 808 2007 862 quid

446 879 631 930 intersit,
666 882 809 922 utrum
844 880 981 921 nimia
1015 880 1138 927 haec,
1176 879 1218 921 in
1254 890 1343 933 qua
1376 878 1675 929 offenduntur,
1705 879 2009 933 discrepantia

448 951 559 993 inter
601 951 834 1004 parodiam
879 953 921 992 et
965 950 1114 992 locum
1155 951 1491 1005 παρῳδοὺμενου
1524 951 1580 992 ad
1613 950 1827 993 Thesei
1861 962 1916 992 an
1951 949 2007 991 ad

447 1020 697 1063 Pirithoi
731 1021 911 1064 fabulae
946 1021 1096 1064 locum
1131 1022 1362 1075 pertineat.

503 1091 737 1134 Praeterea
768 1116 824 1119 —
858 1094 992 1146 atque
1027 1093 1110 1134 hoc
1147 1092 1432 1135 observatum
1462 1092 1594 1134 velim
1626 1094 1779 1134 contra
1807 1103 1900 1141 eos,
1931 1091 2007 1145 qui

445 1163 682 1205 verborum
723 1163 1064 1206 similitudinem
1108 1163 1267 1206 frustra
1301 1166 1569 1217 quaerentes
1601 1165 1690 1206 tres
1723 1163 1826 1205 illos
1859 1163 2009 1204 trime-

444 1235 535 1275 tros
568 1232 685 1275 falso
720 1233 805 1276 huc
839 1233 1000 1276 allatos
1034 1245 1134 1276 esse
1166 1236 1208 1276 et
1236 1234 1459 1276 comicum
1489 1244 1674 1288 prorsus
1704 1233 1839 1275 alium
1859 1233 2007 1275 locum

447 1305 664 1347 imitatum
699 1316 800 1347 esse
834 1305 1067 1347 statuerint
1104 1329 1157 1333 —-
1204 1308 1445 1359 praeterea,
1482 1305 1568 1356 aiO‚
1604 1306 1704 1360 ipsa
1737 1305 2009 1347 scholiastae

446 1375 583 1418 verba
618 1375 912 1418 imitationem
949 1378 1202 1419 accuratam
1238 1387 1328 1418 non
1363 1376 1614 1418 admittunt.
1655 1376 1863 1431 Legimus
1890 1376 2008 1419 enirn

447 1447 490 1489 in
535 1446 675 1489 SChOl.
719 1447 774 1489 ad
819 1458 883 1489 VS.
917 1447 1032 1490 467:
1076 1450 1448 1502 παραπλήσιά
1491 1450 1574 1488 ἐστι
1608 1451 1765 1495 τούτοις
1799 1452 1848 1487 τὰ
1880 1450 1925 1487 ἐν
1957 1452 2010 1500 τῷ

447 1518 574 1571 Θησεῖ
622 1522 890 1571 πεποιημένα
936 1517 1036 1573 παρ’
1084 1519 1308 1573 Εὐριπίδῃ.
1361 1518 1412 1561 Εῒ
1454 1518 1510 1561 ad
1554 1529 1618 1561 VS.
1663 1518 1775 1560 473:
1823 1521 1845 1558 ὁ
1887 1521 2012 1566 τόπος

446 1593 564 1637 οὗτος
610 1595 758 1643 παρὰ
806 1594 854 1630 τὰ
898 1593 943 1630 ἐν
992 1590 1120 1643 Θησεῖ
1165 1591 1416 1645 Εὐριπίδου.
1466 1589 1666 1632 Eandem
1717 1589 2010 1632 imitationem

446 1659 826 1715 neglegentiorem
871 1662 1063 1716 arguunt
1106 1661 1215 1703 haec
1260 1660 1397 1703 verba
1430 1660 1571 1703 schol.
1602 1661 1658 1703 ad
1692 1671 1757 1703 vs.
1791 1660 1905 1703 470:
1938 1665 2010 1700 καὶ

446 1736 495 1771 τὰ
526 1735 605 1783 μὲν
638 1733 771 1783 ἑαυτῷ
805 1733 1001 1772 πλάττων
1032 1733 1161 1784 λέγει,
1195 1736 1244 1772 τὰ
1277 1732 1320 1772 δὲ
1354 1735 1396 1782 ἐξ
1427 1732 1679 1786 Εὐριπίδου.

506 1801 733 1844 Hactenus
777 1802 900 1856 quod
945 1802 1000 1844 ad
1043 1802 1385 1845 similitudinem
1429 1802 1668 1845 verborum
1704 1802 1871 1845 attinet.
1906 1800 2011 1844 Per-

446 1884 604 1916 sonam
650 1873 878 1927 loquentis
911 1875 1045 1928 atque
1079 1875 1218 1916 totum
1254 1885 1398 1916 rerum
1431 1875 1593 1916 statum
1629 1876 1671 1916 et
1703 1873 2010 1916 conditionem

446 1945 579 1987 huius
613 1955 777 1987 scenae
811 1943 1167 1999 Aristophaneae
1202 1945 1363 1988 mehus
1397 1946 1440 1987 in
1480 1944 1666 1987 Pirithoi
1702 1946 2010 2000 argumentum

446 2015 681 2069 quadrare,
730 2027 865 2070 quam
915 2016 958 2057 in
1007 2015 1172 2058 Thesei
1217 2016 1298 2058 viri
1335 2016 1455 2058 docti
1500 2027 1637 2071 supra
1665 2016 1690 2058 l.
1721 2016 2011 2058 contendunt.

446 2084 535 2129 Sed
565 2097 680 2140 quae
709 2086 764 2129 de
792 2086 973 2129 Theseo
1009 2086 1162 2129 fabula
1191 2087 1401 2130 novimus
1430 2087 1603 2130 minora
1630 2089 1672 2129 et
1699 2087 1868 2129 leviora
1896 2088 2011 2137 sunt,

447 2168 581 2211 quam
612 2159 658 2199 ut
686 2157 872 2199 multum
902 2157 1188 2200 tribuendum
1209 2158 1266 2200 sit
1285 2158 1387 2200 huic
1407 2158 1669 2209 sententiae,
1689 2158 1759 2200 cui
1780 2159 2013 2213 repugnat,

446 2227 569 2282 quod
615 2228 658 2270 in
702 2227 891 2270 scholiis
934 2239 1024 2270 non
1069 2227 1216 2271 solum
1260 2228 1506 2283 quinquies
1539 2228 1782 2271 affirmatur
1814 2231 1923 2271 haec
1957 2240 2011 2271 ex

445 2298 626 2341 Theseo
661 2297 890 2353 Euripidis
925 2299 1164 2354 desumpta
1193 2310 1308 2350 esse,
1337 2300 1418 2342 sed
1448 2300 1580 2342 etiam
1609 2299 1789 2342 additur
1812 2300 1856 2341 in
1876 2311 2009 2354 quem

447 2369 548 2412 illae
581 2370 916 2413 exsecrationes
945 2372 1270 2422 evomerentur,
1301 2370 1344 2412 in
1363 2370 1563 2412 Minoem
1584 2370 1758 2413 scilicet
1777 2370 1850 2422 (cf.
1870 2370 2013 2413 schol.

447 2441 503 2482 ad
549 2450 616 2483 VS.
651 2441 765 2483 467:
809 2447 881 2481 καὶ
924 2446 1096 2482 τοιαῦτα
1138 2443 1252 2494 λέγει
1296 2439 1543 2495 (Theseus)
1586 2446 1690 2497 πρὸς
1722 2446 1792 2482 τὸν
1821 2441 2012 2493 ΆΙίνωα).

448 2510 559 2555 Rixa
603 2514 644 2554 et
688 2511 918 2554 altercatio
963 2512 1075 2554 inter
1114 2512 1315 2555 Minoem
1359 2514 1401 2554 et
1442 2512 1669 2555 Theseum
1714 2512 1769 2554 de
1822 2511 2015 2554 Eriboea

448 2586 543 2623 orta
576 2583 759 2625 aliunde
795 2583 926 2626 etiam
962 2585 1066 2625 nota
1101 2586 1167 2625 est
1187 2581 1233 2635 1).
1283 2582 1393 2626 Illud
1426 2588 1530 2638 πρὸς
1563 2587 1633 2624 τὸν
1663 2584 1822 2624 Μίνωα
1855 2594 1881 2625 a
1912 2593 2013 2625 sero

491 2732 520 2771 1)
543 2741 573 2765 ν.
597 2741 631 2772 ρ.
655 2733 696 2765 88
710 2741 788 2773 sqq.

447 2836 504 2878 74
