2174 3374
470 488 696 529 mutuatus
729 488 807 536 est,
843 486 947 528 belli
982 497 1163 528 causam
1197 485 1378 528 aliunde
1415 485 1524 536 (non
1557 497 1612 528 ex
1644 484 1822 528 Atthide
1856 485 2026 539 aliqua)

468 557 734 610 desumpsit.
780 555 893 597 Hinc
936 556 1169 606 discimus,
1208 558 1376 610 quanta
1407 555 1555 597 cautio
1592 556 1635 597 in
1670 554 1893 598 Plutarchi
1926 555 2028 597 fon-

467 627 588 668 tibus
621 626 892 680 indagandis
925 626 1184 668 adhibenda
1216 626 1286 676 sit,
1322 638 1456 680 quem
1485 627 1528 667 in
1559 626 1718 668 eodem
1747 627 1894 680 eapite
1911 627 2029 669 duos

468 697 805 739 diversissimos
846 696 994 738 fontes
1037 698 1239 738 secutum
1283 707 1384 739 esse
1428 698 1615 751 apparet
1652 699 1694 738 et
1726 708 1860 750 quam
1893 696 2028 752 longe

468 778 493 808 a
539 778 645 808 vero
693 767 963 809 aberraverit
1010 765 1241 810 Gilbertus
1262 764 1308 818 ¹),
1358 767 1434 820 qui
1483 769 1619 808 totam
1668 766 1834 809 Thesei
1876 767 2026 818 vitam,

435 867 437 871 s
467 837 649 879 duobus
690 837 846 891 primis
889 837 1116 891 capitibus
1159 837 1375 892 exceptis,
1419 849 1473 879 ex
1505 837 1599 879 Istri
1632 836 1812 879 Atthide
1843 836 2028 879 fluxisse

468 918 719 961 omnesque
762 908 877 950 alios
917 908 993 961 qui
1039 908 1229 950 citantur
1271 910 1479 950 auctores
1521 908 1702 950 nonnisi
1747 919 1827 961 per
1872 907 2027 949 Istrum

467 976 704 1020 Plutarcho
739 981 871 1020 notos
902 978 1043 1021 fuisse
1076 979 1162 1021 sibi
1198 980 1494 1032 persuaserat.

524 1047 670 1098 Quam
698 1049 757 1090 ob
787 1061 876 1091 rem
896 1050 1144 1091 secundum
1162 1049 1546 1104 Atthidographos
1565 1048 1842 1091 Pallantidae
1860 1049 2026 1090 bellurn

464 1120 762 1173 susceperint,
791 1121 1019 1162 nescimus
1049 1132 1194 1174 neque
1215 1121 1457 1174 quicquam
1477 1121 1676 1174 speciosi
1695 1121 1751 1162 iis
1767 1120 2026 1175 fingendum

465 1189 606 1231 fuisse
650 1191 846 1241 videtur;
893 1202 993 1232 nam
1039 1191 1211 1233 etiamsi
1254 1191 1432 1245 Aegeus
1476 1191 1842 1233 Erechthidarum
1877 1191 2030 1245 proles

466 1260 692 1314 legitimus
725 1261 795 1310 sit,
830 1263 977 1315 aptam
1015 1261 1119 1304 belli
1154 1272 1335 1303 causam
1365 1262 1440 1303 dat
1467 1262 1636 1303 invidia
1664 1261 2028 1313 Pallantidarum,

464 1331 541 1383 qui
577 1342 761 1385 regnum
797 1333 940 1385 patrui
976 1333 1129 1374 liberis
1173 1333 1364 1374 carentis
1403 1332 1663 1375 affectantes
1696 1333 1816 1374 illam
1852 1333 2027 1375 heredi-

464 1401 566 1442 tatis
600 1412 726 1455 spem
761 1401 925 1445 Thesei
961 1403 1155 1445 adventu
1190 1403 1339 1445 subito
1374 1403 1460 1445 sibi
1496 1405 1777 1457 praereptam
1812 1404 2025 1446 viderent.

464 1470 694 1514 Diodorus
738 1471 918 1515 Siculus
962 1485 1159 1527 quoque,
1205 1474 1279 1528 qui
1323 1473 1520 1529 Aegeum
1564 1474 1729 1516 iustum
1779 1472 2027 1517 Pandionis

461 1542 601 1584 filium
637 1545 767 1585 vocat
786 1540 834 1597 2),
864 1543 1214 1586 Pallantidarum
1245 1544 1349 1586 beili
1380 1545 1651 1587 mentionem
1679 1544 1786 1586 facit
1804 1542 1837 1596 ³)
1857 1544 2024 1586 nullam

462 1613 735 1667 singularem
771 1614 876 1655 belli
911 1626 1093 1656 causam
1128 1615 1315 1657 addens.
1355 1615 1524 1658 Eodem
1559 1615 1694 1657 modo
1727 1614 2026 1657 Philochorus

462 1694 660 1733 causam,
690 1696 823 1737 quam
855 1685 1020 1739 profert
1039 1684 1318 1735 Plutarchus,
1337 1686 1538 1728 omittere
1558 1686 1666 1728 satis
1685 1686 1848 1728 habere
1868 1686 2026 1739 potuit,

463 1765 626 1795 novam
661 1766 750 1795 non
784 1755 1076 1798 substituens.

498 1823 655 1874 *Quod
700 1825 755 1867 ad
799 1826 945 1879 ipsam
980 1825 1236 1868 Philochori
1273 1827 1569 1870 narrationem
1605 1828 1773 1876 attinet,
1807 1827 1916 1868 haec
1950 1838 2026 1869 ac-

461 1897 614 1936 curata
648 1897 807 1949 proelii
842 1897 1087 1951 descriptio
1120 1898 1218 1940 sine
1252 1898 1391 1940 dubio
1420 1898 1583 1940 veteris
1612 1898 1826 1940 historiae
1854 1896 2024 1940 Atticae

461 1966 652 2019 vestigia
709 1970 855 2008 servat
912 1970 953 2009 et
1002 1968 1196 2022 impetus
1244 1969 1390 2022 ipsius
1439 1967 1654 2010 Pallantis
1701 1968 1775 2010 via
1822 1966 2026 2022 Sphettia

460 2034 658 2078 Athenas
701 2038 1018 2080 contendentis
1065 2040 1200 2093 atque
1247 2039 1440 2081 tiliorum
1491 2039 1588 2081 eius
1631 2039 1675 2080 in
1720 2036 1935 2093 Gargetto
1979 2039 2023 2080 in

462 2106 641 2148 insidiis
675 2108 922 2161 positorum
958 2111 1295 2163 repraesentant
1337 2109 1455 2152 bella
1487 2110 1703 2152 acerrima
1733 2121 1760 2152 a
1791 2109 2024 2152 Pisistrato

462 2188 562 2218 cum
597 2177 944 2233 Megarensibus
977 2182 1114 2235 gesta,
1144 2180 1240 2223 Nisi
1270 2192 1434 2223 nomen
1464 2182 1765 2236 expugnatam
1798 2180 2024 2231 Nisaeam,

462 2245 676 2291 Pallantis
710 2261 874 2292 nomen
907 2251 1140 2293 victoriam
1174 2251 1296 2305 apud
1329 2251 1558 2294 Pallenam
1592 2253 1861 2306 reportatam
1895 2263 2024 2294 revo-

463 2322 628 2376 cant4y

523 2394 580 2437 Ut
627 2396 682 2437 ad
731 2396 955 2451 trilogiam
1005 2398 1293 2453 Euripideam
1344 2399 1609 2441 redeamus:
1658 2400 1832 2452 praeter
1879 2398 2025 2452 ipsius

505 2527 535 2565 1)
560 2527 686 2560 Philol.
708 2529 776 2560 vol.
798 2530 839 2561 33
863 2537 894 2569 p.
918 2530 958 2562 46
972 2538 1048 2570 sqq.

502 2579 536 2619 2)
559 2580 599 2612 IV
621 2581 670 2617 55,
693 2583 722 2612 4.

502 2633 536 2672 3)
560 2633 599 2664 IV
622 2633 671 2671 60,
694 2634 723 2666 5.

503 2685 536 2723 4)
561 2694 589 2717 v.
615 2686 769 2726 Gruppe,
793 2688 850 2720 Gr.
874 2689 979 2728 Myth.
1005 2690 1013 2721 l
1037 2698 1069 2729 p.
1092 2689 1162 2722 596.

461 2789 519 2831 98
