2174 3374
456 541 556 571 cum
595 540 757 584 magna
788 529 879 571 veri
914 528 1067 582 specie
1101 529 1351 570 statuerunt
1394 526 1621 569 Procridis
1654 537 1755 568 cum
1790 524 2020 568 Pteleonte

456 600 736 650 adulterium,
781 597 971 653 Cephali
1007 598 1295 653 parricidium
1331 598 1519 652 eiusque
1555 597 1770 639 iudicium
1806 597 1849 638 in
1882 595 2021 638 Areo-

457 681 589 724 pago,
634 669 860 712 Procridis
902 669 1052 724 fugam
1096 669 1139 710 in
1176 666 1352 711 Cretam
1387 667 1595 719 insulam,
1631 667 1931 709 narrationem
1965 667 2021 709 de

457 752 567 783 cane
611 742 653 783 et
695 740 822 782 hasta
866 740 902 782 ei
939 751 964 782 a
996 739 1150 782 Minoe
1184 739 1366 781 donatis
1387 736 1435 792 1),
1471 738 1702 780 historiam
1736 737 1932 792 denique
1966 737 2022 780 de

456 811 591 866 vulpe
649 810 945 854 Teumessica
1003 810 1322 864 antiquissima
1370 809 1550 852 fabulae
1599 809 1820 852 elementa
1865 808 2021 860 fuisse,

458 893 574 936 quae
608 882 693 924 hoc
728 882 866 924 modo
900 882 1014 924 inter
1046 892 1094 924 se
1129 881 1369 924 cohaerere
1404 882 1672 935 potuerunt:

517 952 694 995 Procris
728 953 769 995 in
805 952 1025 995 adulterio
1061 964 1161 995 cum
1196 951 1427 995 Pteleonte
1455 963 1479 994 a
1507 949 1728 1006 Cephalo,
1749 950 1905 992 marito
1925 961 2022 1001 suo,

458 1024 741 1078 deprehensa
784 1021 960 1066 Cretam
1004 1024 1060 1066 ad
1104 1023 1303 1065 Minoem
1347 1022 1473 1078 fugit,
1517 1034 1541 1064 a
1584 1034 1674 1077 quo
1708 1032 1863 1064 canem
1899 1021 2023 1063 illum

459 1095 686 1149 pernicem
746 1096 788 1137 et
836 1094 1030 1137 iaculum
1081 1106 1105 1136 a
1153 1105 1297 1148 scopo
1347 1105 1591 1148 numquam
1641 1093 1854 1135 aberrans
1902 1092 2024 1134 dono

459 1166 637 1220 accipit.
684 1163 796 1208 Cum
832 1166 902 1207 his
937 1165 1072 1208 donis
1114 1164 1312 1208 Athenas
1346 1176 1524 1208 reversa
1558 1167 1599 1207 et
1633 1162 1837 1219 Cephalo
1872 1174 2026 1206 recon-

459 1237 608 1279 ciliata
657 1238 790 1290 atque
841 1248 941 1278 cum
992 1247 1044 1279 eo
1095 1236 1138 1278 in
1188 1236 1397 1278 venando
1457 1237 1680 1290 occupata
1728 1234 2026 1290 imprudentis

459 1307 601 1350 mariti
622 1307 770 1350 iaculo
789 1307 1001 1350 transfixa
1021 1307 1291 1350 interficitur.
1312 1306 1459 1358 Quare
1479 1305 1710 1361 Cephalus
1729 1306 1783 1348 ab
1802 1305 2025 1361 Areopagi

460 1378 688 1421 iudicibus
722 1378 1049 1421 condemnatur
1082 1380 1125 1420 et
1157 1379 1200 1420 in
1236 1378 1418 1420 exilium
1453 1378 1649 1420 mittitur.

519 1448 592 1492 Sic
640 1450 730 1492 fere
778 1449 931 1492 tabula
980 1451 1239 1500 narratur2)
1285 1449 1340 1491 ab
1384 1448 1665 1503 Apollodoro
1709 1447 1774 1500 <111
1811 1447 1876 1499 15,
1914 1448 1954 1499 l)
1986 1448 2028 1489 et

503 1542 533 1581 l)
577 1541 713 1574 Nimiae
746 1541 926 1573 subtilitati
962 1541 1107 1573 indulsit
1142 1541 1238 1581 Rapp
1273 1540 1445 1580 (Roscher
1480 1540 1502 1572 ll
1541 1539 1644 1580 1093),
1690 1539 1871 1572 coniciens
1905 1539 2026 1571 Istrum

460 1595 610 1635 primum
645 1594 820 1626 Procridis
845 1595 964 1634 fugam
989 1594 1023 1625 in
1048 1594 1186 1627 Cretam
1210 1594 1363 1626 insulam
1398 1595 1429 1625 et
1453 1593 1585 1626 Minois
1609 1600 1798 1633 personam
1822 1593 1856 1624 in
1881 1592 2027 1632 Cephali

459 1648 613 1680 fabulam
637 1648 839 1684 inseruisse,
864 1646 1081 1684 Callimachi,
1106 1647 1262 1687 magistri
1288 1647 1353 1684 sui,
1374 1646 1536 1686 exemplo
1556 1647 1762 1685 permotum,
1776 1645 1835 1685 qui
1850 1645 1883 1677 in
1898 1645 2028 1686 hymno

460 1703 493 1733 in
526 1701 675 1733 Dianam
707 1700 860 1733 Procrim
891 1708 960 1732 una
991 1708 1071 1732 curn
1097 1700 1237 1732 duabus
1262 1700 1425 1740 nymphis
1449 1699 1596 1732 Creticis
1620 1700 1653 1730 in
1678 1699 1813 1731 Dianae
1838 1698 2028 1731 comitibus

461 1755 647 1787 enumeret.
677 1753 718 1785 At
748 1754 777 1785 si
808 1754 1006 1785 accuratius
1039 1752 1246 1785 Callimachi
1272 1753 1439 1792 hymnum
1464 1752 1644 1792 inspicias,
1669 1751 1850 1792 apparebit
1873 1750 2028 1784 Procrim

461 1808 604 1840 mininie
635 1815 703 1840 una
733 1815 812 1839 cum
843 1807 983 1839 duabus
1015 1806 1083 1838 iliis
1108 1806 1272 1846 nymphis
1296 1805 1526 1838 Cretensibus
1550 1813 1569 1837 a
1593 1806 1696 1844 poeta
1720 1805 1905 1837 introduci.
1928 1804 2029 1837 Post-

461 1868 566 1901 quam
601 1861 693 1893 enim
728 1862 831 1900 poeta
866 1860 1053 1893 Cretenses
1088 1860 1165 1892 illas
1200 1859 1422 1891 Britomartin
1458 1860 1489 1891 et
1519 1858 1611 1899 Upin
1646 1858 1946 1895 commemoravit,
1979 1858 2029 1891 sic

462 1914 573 1954 pergit
595 1913 660 1953 (vs.
684 1913 780 1953 206):

754 1968 816 2001 καὶ
843 1969 921 2012 μὴν
948 1966 1139 2013 Κυρήνην
1166 1968 1378 2012 ἑταρίσσαο,
1407 1970 1448 2013 τῇ
1475 1966 1557 2000 ποτ’
1584 1965 1728 2008 ἔδωκας

746 2027 838 2071 αὑτὴ·
866 2025 1061 2071 θηρητῆρε
1090 2025 1165 2059 ὃύω
1194 2027 1297 2068 κύνε,
1326 2029 1402 2068 τοῖς
1428 2026 1485 2058 ἔνι
1512 2026 1632 2070 κούρη

749 2085 886 2130 εΥψηὶς
913 2085 1017 2130 παρὰ
1044 2085 1188 2130 τύμβον
1218 2083 1399 2118 Ἰώλκιον
1428 2083 1566 2129 ἔμμορῗ
1593 2082 1757 2117 ἀέθλου.

749 2145 812 2178 καὶ
842 2143 1030 2190 Κεφάλου
1059 2142 1211 2188 ξανθὴν
1237 2143 1384 2188 ἄλοχον
1412 2143 1615 2188 Δηιονίόαο

748 2205 883 2237 πότνια
912 2204 982 2247 σὴν
1009 2202 1209 2248 ὁμόθηρον
1235 2201 1392 2247 ammo.

505 2264 704 2303 Sequuntur
740 2262 884 2295 nomina
919 2261 1097 2293 Anticleae
1128 2262 1159 2293 et
1193 2260 1379 2293 Atalantes.
1404 2260 1635 2300 Nequaquam
1670 2260 1772 2300 igitur
1805 2259 1943 2292 Procris
1977 2259 2032 2292 hic

463 2325 543 2350 cum
578 2316 743 2356 nymphis
778 2314 1009 2348 Cretensibus
1043 2316 1113 2347 arte
1148 2314 1391 2354 coniungitur;
1425 2313 1560 2346 Dianae
1595 2313 1742 2346 comites
1777 2314 2034 2351 enumerantur,

464 2371 613 2411 primum
638 2370 728 2402 duae
763 2377 804 2401 ex
836 2368 947 2405 Creta,
982 2367 1110 2399 deinde
1151 2368 1312 2407 quattuor
1346 2367 1487 2399 aliunde
1522 2369 1626 2404 ortae,
1661 2367 1694 2398 in
1730 2366 1861 2406 quibus
1894 2366 2032 2399 Procris

464 2422 661 2456 secundum
685 2423 803 2454 locum
828 2421 971 2453 obtinet.

506 2476 686 2508 Praeterea
711 2477 884 2513 miramur,
909 2482 968 2506 cur
989 2475 1080 2511 ister,
1113 2475 1141 2506 si
1166 2474 1199 2505 in
1225 2474 1402 2506 Procridis
1425 2473 1504 2506 fatis
1523 2473 1727 2505 enarrandis
1751 2473 1805 2505 hic
1830 2474 1930 2506 locus
1954 2473 2034 2506 Cal-

465 2530 659 2562 limacheus
683 2530 713 2561 ei
738 2530 816 2561 ante
840 2529 966 2561 oculos
990 2529 1148 2560 versatus
1172 2528 1275 2565 esset,
1301 2534 1370 2559 non
1395 2528 1513 2567 potius
1536 2526 1705 2564 finxisset,
1729 2526 1884 2559 Procrim
1908 2534 2032 2559 canem

466 2583 671 2622 hastamque
696 2589 767 2615 non
791 2589 810 2614 a
834 2582 964 2619 Minoe,
989 2580 1051 2613 sed
1076 2581 1119 2612 ab
1144 2580 1220 2620 ipsa
1235 2580 1347 2612 Diana
1361 2581 1552 2620 accepisse,
1566 2579 1656 2612 sicut
1669 2580 1762 2619 apud
1776 2579 2031 2612 Callimachum

466 2635 600 2676 Cyrene
624 2643 767 2675 quoque
792 2635 884 2668 duos
908 2642 1015 2667 canes
1037 2633 1218 2666 venaticos
1242 2634 1286 2665 ab
1311 2633 1388 2673 ipsa
1412 2633 1478 2665 dea
1502 2633 1598 2665 dono
1621 2632 1747 2672 accipit
1769 2632 1814 2672 (v.
1837 2632 1898 2664 206
1921 2633 1999 2673 sq).

507 2689 541 2728 2)
574 2688 720 2728 Cephali
755 2687 980 2727 parricidium
1015 2688 1046 2719 et
1080 2686 1253 2726 Areopagi
1289 2685 1458 2718 iudicium
1494 2686 1561 2718 iam
1593 2685 1796 2719 Hellanicus
1819 2685 2031 2722 tractaverat,

468 2742 502 2774 ut
526 2742 668 2774 testatur
691 2740 810 2774 Schol.
833 2740 877 2772 ad
903 2740 979 2772 Eur.
1003 2739 1114 2772 Orest.
1141 2738 1228 2770 1648.

469 2845 527 2887 40
