2174 3374
153 517 332 560 demum
392 518 494 559 nato
549 517 730 560 homine
781 518 933 573 aliquo
983 530 1082 561 esse
1133 519 1355 562 adiectum
1404 531 1444 561 v.
1495 519 1712 561 Leeuwen

152 588 357 630 coniecit.
403 585 491 630 Sed
536 588 748 631 leviorem
795 590 908 631 hanc
955 601 1054 632 esse
1090 590 1393 632 coniecturam
1429 590 1527 644 ipse
1559 590 1625 632 vir
1658 590 1711 631 cl.

152 658 249 701 sine
283 657 422 700 dubio
458 659 688 701 concedet.
724 659 873 713 ltaque
904 660 988 702 hoc
1017 660 1311 715 fragmentum
1336 660 1517 702 Theseo
1537 660 1713 715 Euripi-

152 729 263 772 deae
297 729 648 772 abiudicandum
683 741 783 773 esse
818 731 1000 773 minime
1034 743 1214 773 censeo.

163 842 171 846 ,
211 799 313 851 Quo
355 799 544 842 frustulo
586 800 642 842 ab
682 801 859 844 excidio
893 802 1134 850 vindicato,
1170 802 1386 856 reliquiae
1420 802 1714 844 nihilominus

152 873 334 913 manent
391 872 698 925 parcissimae.
759 872 910 926 ltaque
965 873 1174 926 quisquis
1222 875 1531 927 argumentum
1581 874 1713 916 huius

152 941 364 984 dramatis
399 944 566 984 tantum
597 954 685 984 non
717 943 848 997 plane
878 944 1100 997 deperditi
1131 943 1342 998 indagare
1372 946 1571 995 conatur,
1600 944 1715 985 alios

151 1012 393 1055 Minotauri
451 1011 630 1055 fabulae
689 1015 894 1056 auctores
943 1014 1074 1055 adeat
1122 1025 1307 1056 necesse
1357 1017 1436 1065 est,
1487 1016 1532 1056 ut
1579 1014 1715 1056 variis

151 1083 439 1127 versionibus
485 1083 662 1126 collatis
712 1084 874 1139 seligat
922 1085 1121 1138 speciem
1178 1084 1405 1139 Euripidis
1454 1085 1533 1127 arti
1581 1086 1714 1139 atque

153 1155 334 1210 ingenio
364 1155 556 1197 maxime
586 1156 988 1197 accommodatam.
1019 1154 1153 1206 Quod
1179 1167 1296 1210 opus
1315 1167 1415 1198 esse
1436 1155 1716 1210 periculosae

152 1225 276 1268 aleae
320 1225 517 1280 plenum,
563 1226 838 1280 praesertim,
883 1238 983 1268 cum
1025 1238 1156 1268 nemo
1192 1227 1489 1280 posteriorum
1523 1238 1713 1280 usquam

151 1297 353 1347 fateatur,
397 1296 656 1351 Euripidem
702 1297 788 1339 sibi
834 1299 1060 1351 auctorem
1095 1297 1248 1348 fuisse,
1283 1297 1465 1340 minime
1500 1309 1629 1353 nego.
1663 1297 1717 1340 At

153 1379 426 1422 quamquam
470 1367 607 1410 multa
653 1379 732 1422 pro
777 1370 897 1410 certo
941 1367 1147 1410 affirmari
1193 1370 1234 1410 et
1281 1370 1431 1422 aperte
1480 1368 1715 1411 diiudicari

152 1450 242 1482 non
277 1440 498 1493 poterunt,
534 1438 570 1481 si
606 1439 661 1481 ad
695 1438 946 1481 fabularum
976 1438 1202 1481 Theseum
1233 1439 1531 1493 spectantium
1562 1440 1716 1481 rudem

154 1510 517 1565 indigestamque
566 1509 730 1552 molem
780 1510 1107 1565 seiungendam
1156 1512 1289 1564 atque
1332 1511 1394 1552 tot
1433 1521 1575 1552 rerum
1620 1510 1715 1553 dis·

153 1581 355 1624 cordium
390 1581 510 1624 litem
544 1580 842 1623 dirimendam
873 1593 953 1636 pro
983 1581 1096 1623 meis
1124 1581 1295 1624 viribus
1324 1580 1496 1635 aliquid
1515 1580 1716 1631 attulero,

153 1664 242 1695 non
276 1652 437 1695 frustra
469 1652 702 1695 laborasse
736 1652 843 1694 mihi
877 1651 1080 1694 videbor.

211 1723 441 1766 Ariadnae·
467 1723 646 1779 glomus
678 1722 917 1765 confusum
953 1723 1039 1765 iam
1075 1723 1234 1777 partim
1270 1723 1557 1777 explicatum,
1593 1722 1718 1777 laby-

154 1795 286 1838 rinthi
321 1795 488 1837 densae
523 1787 731 1837 tenebrae
762 1794 848 1836 iam
878 1794 1036 1848 partim
1066 1794 1302 1836 discussae
1331 1795 1433 1836 sunt
1461 1796 1502 1836 et
1529 1794 1716 1836 aliorum

154 1867 196 1908 et
229 1865 408 1911 Roberti
443 1866 662 1917 acumine,
697 1865 773 1919 qui
803 1876 978 1908 summo
1009 1865 1101 1907 iure
1131 1865 1456 1907 demonstravit
1478 1862 1510 1918 ¹)
1539 1864 1717 1907 fabulae

154 1937 382 1992 Euripidis
411 1939 598 1980 aetatem
629 1937 936 1979 antecedentis
959 1937 1186 1979 cardinem
1205 1936 1345 1979 fuisse
1365 1947 1576 1978 coronam
1598 1935 1716 1977 illam

152 2008 412 2064 fulgentem,
457 2020 591 2063 quam
635 2007 841 2050 Theseus
885 2007 940 2050 ab
984 2007 1250 2062 Amphitrita
1293 2008 1335 2049 in
1381 2008 1480 2062 ipsa
1521 2006 1716 2061 Neptuni

155 2080 276 2134 regia
309 2079 543 2134 accepisse
577 2078 762 2130 dicitur;
806 2080 941 2133 quam
972 2078 1169 2121 fabulam
1205 2078 1565 2132 antiquissimam
1586 2077 1718 2119 nobis

154 2150 431 2193 tradiderunt
463 2150 775 2205 Bacchylides,
810 2148 1058 2193 Pausanias
1093 2150 1288 2192 Miconis
1331 2150 1374 2191 in
1408 2149 1588 2191 Theseo
1623 2149 1718 2203 pic-

155 2223 297 2264 turam
343 2221 622 2272 describens,
672 2221 962 2276 Euphronius
1011 2221 1180 2275 aliique
1220 2221 1425 2272 artifices,
1461 2221 1573 2262 inter
1605 2231 1721 2274 quos

155 2304 314 2336 omnes
352 2295 474 2336 tanta
512 2295 579 2336 est
607 2293 922 2336 convenientia
956 2294 998 2335 et
1030 2292 1292 2344 similitudO,
1327 2294 1372 2335 ut
1405 2304 1459 2334 ex
1492 2292 1715 2334 communi

153 2364 275 2407 fonte
310 2365 517 2407 hausisse
551 2364 739 2419 putandi
773 2365 874 2407 sint.

215 2435 308 2478 l-lac
327 2434 480 2478 fabula
499 2435 758 2490 Euripidem
778 2435 992 2478 dramatis
1011 2435 1078 2478 sui
1099 2437 1409 2490 argumentum
1431 2433 1720 2489 supplevisse

157 2506 327 2561 primus
378 2507 573 2549 coniecit
620 2506 724 2557 Leo,
745 2504 776 2559 2)
827 2507 896 2549 cui
941 2518 1100 2549 omnes
1143 2506 1232 2549 fere
1274 2506 1354 2548 viri
1399 2506 1518 2548 docti
1563 2505 1606 2547 in
1651 2505 1720 2547 his

200 2675 230 2714 l)
254 2674 400 2708 Hermes
423 2675 551 2707 XXXlll
573 2683 607 2715 p,
634 2675 691 2708 132
704 2683 798 2715 sqq.;
832 2684 862 2708 v.
887 2675 989 2707 etiam
1014 2674 1140 2708 Berlin.
1165 2675 1263 2707 Arch.
1289 2673 1484 2706 Gesellsch.
1508 2672 1605 2705 Mart.
1632 2671 1720 2704 1889.

152 2747 155 2750 <
196 2729 231 2769 2)
254 2728 375 2761 Senec.
399 2730 482 2769 trag.
507 2729 517 2760 1
540 2737 572 2768 p.
599 2728 665 2761 180.

1661 2828 1716 2870 75
