2174 3374
134 509 352 565 originem
381 509 563 559 ducunt,
592 509 764 563 quippe
794 519 909 562 quae
939 510 1106 562 partem
1137 506 1334 549 efficiunt
1362 505 1551 560 catalogi
1573 504 1693 546 illius

131 580 266 636 Aegei
324 579 603 630 feminarum,
662 591 794 634 quem
855 579 1046 634 legimus
1094 579 1214 632 apud
1262 577 1537 620 Athenaeum
1587 575 1692 627 (Xlll

133 663 175 705 p.
203 649 365 702 557a):
408 651 712 704 Πολυγύναιος
755 650 954 703 δ’ἐγένετο
997 655 1068 690 καὶ
1111 651 1272 701 Αἰγεύς.
1306 652 1472 703 πρώτην
1503 651 1583 700 μὲν
1614 651 1694 701 γὰρ

131 724 258 775 ἔγημε
290 726 362 774 τὴν
393 722 604 774 ’Όπλητος
636 723 867 775 θυγατέρα,
901 721 1003 773 μεθ’
1036 724 1087 772 ἣν
1121 726 1199 760 τῶν
1235 720 1543 766 Χαλκώδοντος
1573 722 1692 770 μίαν.

131 793 349 847 παραδοὺς
407 792 689 847 δίἒμφοτέρας
747 793 889 845 φίλοις
937 797 1069 843 συνῆν
1115 791 1302 838 πολλαῖς
1348 795 1476 844 χωρὶς
1521 792 1693 841 γάμων,

132 862 274 901 ἔπειτα
316 866 388 914 τὴν
430 863 626 911 Πιτθέως
667 864 825 914 ἔλαβεν
867 863 1051 915 Αἴθραν,
1093 863 1196 913 μεθ’
1227 864 1278 912 ’ἢν
1310 860 1520 911 ΒῙήδειαν.
1566 858 1694 901 Hunc

132 931 384 987 catalogum
434 944 577 987 aeque
626 945 676 975 ac
725 932 938 975 Thesei
988 931 1253 974 feminarum
1298 930 1694 978 enumerationem,

132 1013 247 1056 quae
281 1003 401 1057 apud
434 1002 710 1046 Athenaeum
746 1004 961 1045 continuo
995 1002 1200 1056 sequitur
1232 1002 1366 1055 atque
1395 1000 1523 1043 cuius
1542 1002 1697 1042 auctor

131 1072 239 1115 Ister
284 1074 551 1127 nominatur,
600 1086 653 1117 ex
701 1074 861 1117 eodem
918 1073 1025 1116 lstro
1075 1073 1363 1126 desumptum
1413 1082 1513 1114 esse
1565 1070 1694 1125 primi

133 1143 339 1187 viderunt
394 1145 695 1188 Wilamowitz
717 1143 749 1198 ¹)
799 1148 840 1188 et
886 1140 1213 1197 Wellmann,²)
1273 1142 1349 1197 qui
1404 1141 1496 1185 lstri
1545 1141 1697 1196 operis

134 1214 274 1257 indoli
334 1216 672 1270 compilatoriae
730 1218 772 1258 et
829 1214 1148 1270 discrepantiis
1207 1212 1390 1256 refertae
1439 1211 1696 1262 attribuunt,

135 1285 258 1339 quod
293 1283 542 1341 Chalciope
576 1287 712 1329 modo
745 1286 835 1328 tilia
870 1284 1211 1334 Chalcodontis,
1247 1284 1381 1326 modo
1421 1282 1698 1328 Rhexenoris

135 1358 332 1399 vocatur.
366 1357 394 1399 li
431 1358 507 1412 qui
541 1358 644 1400 huic
678 1357 814 1413 Aegei
844 1357 970 1399 uxori
1001 1355 1308 1400 Rhexenorem
1344 1356 1511 1409 patrem
1557 1353 1699 1408 assig-

136 1429 255 1478 nant,
305 1440 401 1471 eam
449 1440 474 1471 a
517 1427 767 1482 Chalciopa
811 1427 1044 1470 Erechthei
1089 1429 1236 1480 nepte,
1282 1436 1396 1479 quae
1441 1436 1540 1466 cum
1576 1425 1698 1478 patre

135 1497 305 1541 Alcone
363 1499 406 1541 in
455 1499 683 1542 Euboeam
733 1499 966 1554 aufugerat
1018 1500 1151 1552 atque
1211 1497 1266 1539 de
1320 1507 1409 1550 qua
1457 1493 1699 1549 repetenda

137 1568 304 1611 bellum
348 1570 460 1612 inter
499 1569 793 1612 Erechtheum
839 1572 881 1612 et
917 1567 1305 1613 Chalcodontidas
1339 1566 1576 1615 exarserat,
1610 1564 1699 1606 dis-

136 1640 338 1695 tinguere
370 1640 570 1684 voluisse
605 1641 824 1690 videntur,
859 1652 913 1683 ne
932 1639 1109 1695 Aegeus
1129 1638 1268 1692 patris
1296 1648 1495 1680 sororem
1516 1646 1698 1678 uxorem

138 1711 323 1755 duxisse
356 1712 600 1755 traderetur
620 1710 666 1763 3).

198 1781 517 1826 Phanodemus
549 1780 639 1838 (vel
673 1778 1000 1837 Apollodorus)
1043 1780 1241 1835 Aegeum
1281 1777 1528 1820 Pandionis
1560 1776 1700 1818 filium

139 1856 284 1904 vocat,
328 1854 451 1908 quod
495 1865 653 1896 omnes
694 1852 1081 1908 Atthidographos
1123 1861 1301 1904 semper
1337 1848 1499 1891 fecisse
1534 1849 1700 1890 certum

140 1926 208 1967 est
253 1936 417 1979 neque
443 1925 487 1967 in
530 1925 717 1968 dubium
761 1925 946 1966 vocatur
989 1923 1113 1965 hisce
1157 1920 1320 1971 verbis,
1361 1930 1476 1974 quae
1510 1918 1702 1973 legimus

141 1995 262 2050 apud
311 1995 518 2038 Tzetzem
569 1996 624 2038 ad
674 1995 893 2050 Lycophr.
942 1993 1057 2036 495:
1101 1993 1148 2033 ‘O
1180 1993 1329 2044 Αἰγεὺς
1377 1989 1600 2043 Ἀθηναῖος
1632 1994 1702 2028 καὶ

139 2071 313 2125 γηγενὴς
355 2071 440 2107 ἀπὸ
483 2065 736 2121 Ἐρεχθέως.
786 2066 902 2113 Τινὲς
944 2064 987 2104 δὲ
1029 2069 1100 2104 καὶ
1133 2067 1278 2103 τοῦτον
1311 2064 1387 2102 ἕνα
1418 2062 1591 2112 λέγουσι
1624 2063 1704 2099 τῶν

141 2137 442 2178 ἀναδοθέντων
489 2140 534 2178 ἐκ
581 2143 660 2178 τῶν
708 2137 891 2177 ὀδόντων
938 2140 1011 2175 τοῦ
1059 2134 1284 2188 δράκοντος
1326 2136 1398 2172 τοῦ
1442 2133 1486 2171 ἐν
1529 2129 1701 2182 Θήβαις,

142 2212 206 2256 ὡς
236 2214 327 2248 καὶ
362 2204 705 2262 Ἀνδροτίων.

202 2278 284 2320 Hic
327 2269 534 2321 nimirum
578 2277 867 2320 confunditur
908 2274 1246 2318 Atheniensium
1292 2284 1366 2315 rex
1409 2283 1509 2314 cum
1553 2270 1704 2325 Aegeo

143 2349 276 2403 plane
305 2350 500 2401 diverso,
528 2349 798 2403 Aegidarum
829 2347 975 2402 gentis
994 2349 1189 2395 auctore,
1209 2344 1285 2398 qui
1306 2355 1511 2386 unacum
1531 2340 1705 2385 Cadmo

187 2552 218 2592 l)
252 2552 400 2585 Hermes
432 2552 490 2585 XV
513 2560 544 2593 p.
567 2552 639 2584 523.
674 2551 767 2584 ldem
803 2550 836 2582 in
871 2549 1110 2582 Bibliothecae
1145 2549 1224 2580 loco
1255 2547 1307 2587 (z
1331 2546 1452 2585 fragm.
1475 2545 1709 2585 Phanodemi)

144 2605 281 2650 ΙΙΙήταν
306 2607 449 2639 mutavit
472 2606 506 2637 in
531 2605 718 2650 *Μελίτην

185 2658 219 2697 2)
242 2657 294 2690 De
318 2658 402 2690 lstro
426 2657 664 2690 Callimacheo
688 2665 719 2697 p.
742 2656 783 2689 69
806 2665 858 2697 sq.

185 2711 219 2750 3)
242 2711 283 2743 ci.
308 2710 423 2743 Schol.
448 2711 561 2751 Apoll.
585 2710 696 2745 Rhod.
721 2710 729 2741 l
753 2710 793 2742 97
817 2712 848 2742 et
871 2709 938 2741 vid.
964 2715 1070 2748 supra
1094 2716 1125 2748 p.
1150 2707 1199 2738 46.

1650 2808 1708 2850 95
