2174 3374
510 497 620 540 Ante
669 498 820 540 omma
869 499 940 540 hic
990 497 1240 541 Pausaniae
1282 498 1409 541 locus
1453 501 1603 554 aperte
1648 499 1830 550 indicat,
1885 510 2011 541 com-

454 581 631 611 munem
675 569 1015 611 Atheniensium
1059 569 1321 623 opinionem
1363 568 1519 619 fuisse,
1577 570 1662 611 hoc
1712 569 2011 612 clarissimum

452 640 656 693 Myronis
676 637 706 691 1)
751 651 868 693 opus
912 640 954 681 in
1014 651 1113 682 arce
1172 640 1369 694 positum
1418 642 1642 682 certamen
1690 640 1920 683 Erechthei
1972 642 2013 682 et

454 710 717 764 Eumolpi
763 711 1111 764 repraesentare.
1156 710 1307 764 ltaque
1351 711 1591 764 permirum
1632 713 1765 762 esset,
1799 711 1835 754 si
1870 710 2013 753 Atthi-

453 781 673 836 dographi
718 781 760 822 in
805 781 1032 823 chronicis
1074 781 1184 833 suis,
1219 792 1334 835 quae
1368 780 1634 836 plerumque
1669 782 1712 823 in
1746 782 1881 825 rebus
1914 793 2013 837 gra-

452 852 654 894 vioribus
687 851 970 894 traditionem
1004 851 1230 906 vulgatam
1268 851 1516 894 reddebant
1536 849 1582 904 ²),
1616 853 1670 894 de
1705 852 1891 895 artificio
1925 854 2012 895 tam

452 922 616 965 celebri
667 925 847 976 tamque
892 923 1056 976 insigni
1102 922 1203 964 loco
1248 923 1399 976 posito
1442 922 1714 978 singularem
1750 923 2012 978 opinionem

453 993 758 1048 protulissent.

510 1064 695 1107 Accedit
729 1064 852 1118 quod
887 1064 1004 1106 idem
1040 1064 1267 1119 periegeta
1299 1063 1389 1106 alio
1424 1064 1525 1106 loco
1559 1064 1591 1117 (1
1611 1064 1650 1116 5,
1670 1064 1715 1117 2)
1763 1065 1819 1108 de
1848 1065 2013 1108 Erech-

452 1137 556 1178 theo
590 1135 725 1177 dicit:
761 1138 804 1182 ὃς
836 1137 1027 1187 ἐνίκησεν
1065 1136 1354 1183 Ἐλευσινίους
1389 1139 1508 1190 μάχῃ
1551 1142 1622 1176 καὶ
1665 1140 1735 1176 τὸν
1777 1140 2014 1189 ἡγούμενον

452 1209 692 1246 ἀπέκτεινεν
736 1205 1000 1259 Ἰμμάραδον
1042 1209 1113 1245 τὸν
1155 1206 1406 1257 Εὐμόλπου.
1449 1205 1576 1257 Quae
1612 1218 1666 1249 ex
1699 1207 1858 1250 eodem
1891 1206 2014 1249 fonte

453 1288 550 1319 eum
588 1277 794 1319 hausisse
829 1275 1113 1318 manifestum
1149 1277 1227 1318 est.
1250 1273 1284 1329 3)
1319 1275 1381 1317 llli
1417 1281 1466 1316 τὰ
1499 1280 1662 1331 ἀρχαῖα
1695 1278 1846 1326 εἰδότες
1883 1278 2016 1333 igitur

453 1347 745 1390 Immaradum
791 1346 1225 1389 Eleusiniorum
1275 1347 1435 1389 ducem
1486 1347 1738 1402 appellant;
1789 1350 1831 1390 at
1879 1359 2016 1402 supra

453 1419 538 1461 iam
587 1419 784 1461 vidimus
833 1417 1173 1460 Phanodemum
1224 1417 1482 1460 Eleusinios
1526 1418 1738 1473 Euripide
1777 1421 1958 1462 auctore
1992 1431 2014 1462 e
2051 1455 2056 1458 τ

451 1489 603 1532 fabula
650 1490 860 1532 omisisse
910 1491 952 1531 et
997 1489 1151 1531 hostes
1202 1500 1224 1531 e
1268 1488 1456 1531 Boeotia
1499 1490 1768 1533 accedentes
1814 1491 2014 1534 finxisse.

452 1560 552 1612 Qua
600 1561 643 1603 in
689 1573 732 1603 re
766 1572 865 1603 cum
910 1560 1071 1602 ceteris
1109 1560 1480 1615 Atthidographis
1528 1561 1792 1616 congruisse
1826 1561 2048 1613 videtur„

452 1633 527 1686 qui
577 1643 756 1686 semper
802 1632 1015 1674 omnibus
1057 1631 1229 1674 viribus
1273 1631 1614 1682 contenderunt,
1653 1634 1699 1675 ut
1744 1632 2013 1687 Eumolpum

451 1702 707 1753 Thracium,
750 1702 944 1745 ferocem
985 1702 1111 1745 illum
1163 1702 1440 1754 bellatorem,
1490 1714 1623 1757 quam
1660 1702 1924 1758 longissime
1958 1703 2014 1746 ab

453 1773 695 1816 Eleusiniis
754 1776 1049 1822 secernerent,
1111 1785 1164 1816 ne
1223 1773 1442 1816 barbarus
1490 1773 1563 1816 ille
1612 1785 1740 1816 sacra
1787 1774 2017 1818 Eleusinia

452 1844 700 1887 instituisse
735 1844 971 1894 videretur,
1006 1844 1129 1898 quod
1165 1844 1313 1886 adhuc
1348 1844 1628 1899 conspicitur
1661 1845 1703 1887 in
1739 1844 1832 1887 lstri
1866 1844 1915 1888 fr.
1935 1845 2014 1887 20:

450 1916 698 1967 Εὔμολπος,
732 1918 811 1969 οὐχ
845 1918 866 1955 ὁ
901 1916 1043 1970 Θρᾲξ.
1065 1948 1073 1957 .
1095 1948 1118 1966 .,
1153 1916 1257 1955 ἀλλ’
1290 1918 1312 1955 ὁ
1344 1917 1436 1964 θεὶς
1470 1921 1518 1956 τά
1549 1920 1760 1970 μυστήρια
1794 1917 1835 1958 et
1866 1915 1915 1957 fr.
1935 1916 2014 1958 21:

482 2019 519 2027 ..
555 1989 750 2036 (ἐξιοῦσιν
793 1988 912 2031 ἔνιοι,
953 1992 1118 2040 πρῶτον
1151 1987 1390 2038 Εὔμολπον
1423 1993 1602 2039 ποιῆσαι
1633 1992 1704 2028 τὸν
1737 1988 1917 2041 Δηϊόπης
1949 1994 2017 2041 τῆς

454 2057 743 2109 Τριπτολέμου
785 2061 834 2096 τὰ
877 2059 921 2096 ἐν
954 2055 1173 2097 Ἐλευσῖνι
1204 2060 1427 2111 μυστήρια,
1461 2062 1533 2098 καὶ
1566 2060 1616 2097 οὐ
1648 2062 1718 2098 τὸν
1752 2059 1910 2113 Θρᾷκα,
1944 2064 2016 2099 καὶ

450 2132 567 2167 τοῦτο
601 2131 781 2181 ἱστορεῖν
813 2128 983 2181 Ἵστρον
1017 2138 1052 2169 e.
1089 2139 1131 2180 q.
1165 2138 1200 2170 S.

511 2197 635 2240 l-lanc
655 2198 786 2252 igitur
803 2197 862 2239 ob
882 2209 1063 2240 causam
1083 2198 1169 2239 iam
1190 2200 1435 2241 statuerant
1453 2199 1570 2241 duos
1587 2198 1728 2242 fuisse
1753 2199 2016 2253 Eumolpos,

451 2268 574 2322 pium
633 2268 963 2310 Eleusiniorum
1016 2269 1299 2310 sacerdotem
1349 2271 1390 2311 et
1440 2269 1709 2323 Eumolpum
1758 2269 2015 2320 Thracium,

449 2340 642 2381 veterem
691 2338 1031 2382 Atheniensium
1082 2340 1271 2382 hostem.
1330 2339 1475 2390 Quam
1525 2341 1685 2383 acriter
1728 2340 2013 2395 Euripideam

493 2496 521 2534 1)
546 2496 586 2527 cf.
611 2495 713 2528 Paus.
739 2496 779 2528 lx
801 2496 851 2533 30,
879 2497 955 2529 l...
979 2498 1092 2543 ἔργον
1131 2501 1202 2531 τῶν
1240 2497 1429 2543 ΠῙύρωνος
1468 2497 1558 2541 θέας
1590 2497 1761 2543 μάλιστα
1787 2497 1896 2542 ἄξιον
1921 2499 2015 2543 μετά

449 2560 489 2592 γε
517 2549 579 2581 τὸν
605 2549 821 2595 Ἀθήνῃσιν
847 2550 1053 2596 Ἐρεχθέα.

490 2606 523 2646 2)
546 2607 585 2639 cf.
610 2607 714 2646 praef.
738 2616 770 2647 p.
796 2609 843 2640 ll.

489 2659 523 2698 3)
548 2667 646 2697 „man
666 2668 765 2692 muss
788 2661 820 2700 ja
846 2662 891 2692 im
917 2661 1113 2694 Pausanias
1137 2662 1238 2694 meist
1263 2663 1318 2694 die
1343 2662 1476 2701 glieder
1500 2663 1593 2694 einer
1616 2663 1686 2694 und
1711 2662 1897 2694 derselben
1923 2663 2015 2694 notiz

449 2719 513 2744 aus
536 2713 813 2745 verschiedenen
838 2714 944 2746 ecken
970 2714 1296 2747 zusammenlesen''
1320 2716 1364 2754 (v.
1389 2715 1467 2747 Wil.
1491 2715 1562 2747 Aus
1586 2715 1669 2755 Kyd.
1694 2724 1724 2755 p.
1752 2715 1860 2755 12645).

452 2815 509 2857 26
