2174 3374
502 524 543 565 et
571 520 772 575 Oeolyco
803 522 923 575 patre
953 531 1035 563 suo
1065 518 1250 574 Spartae
1270 519 1500 562 colebatur
1521 517 1567 574 ¹).
1596 519 1892 574 Nequaquam
1912 522 2057 563 autem

502 593 610 634 haec
646 591 853 634 contusio
886 589 1150 633 Androtioni
1187 590 1449 644 imputanda
1483 593 1561 641 est,
1606 591 1741 633 immo
1773 589 2059 646 Atthidogra-

502 663 618 716 phos
651 672 808 704 omnes
841 673 930 703 uno
963 660 1113 703 animo
1147 663 1188 702 et
1215 671 1376 716 magna
1405 672 1504 703 cum
1533 661 1746 716 gravitate
1764 660 2058 705 affirmavisse

500 732 697 788 Aegeum
732 730 1032 774 Pandione
1067 733 1218 774 natum
1245 730 1386 774 fuisse
1416 731 1734 786 Theseumque
1764 743 1869 787 ergo
1899 731 2057 775 illustri

500 805 630 858 gente
675 802 1041 845 Erechthidarum
1086 804 1227 844 ortum
1271 804 1404 856 atque
1448 813 1528 845 eos
1569 801 1704 858 Aegei
1749 802 1968 858 originem
2001 803 2057 845 ab

500 873 621 915 omni
656 873 830 916 macula
863 875 1043 916 externa
1076 873 1233 916 acriter
1266 873 1525 916 defendisse
1565 885 1643 928 per
1675 885 1723 916 se
1758 873 2059 929 intellegimus

501 955 581 987 nec
615 955 704 986 non
739 944 848 987 haec
882 942 1116 987 Strabonis
1149 943 1286 986 verba
1319 941 1611 998 testantur²):
1647 945 1697 985 Οἵ
1723 960 1762 985 τε
1789 949 1861 997 τὴν
1893 945 2058 985 Ἀτθίδα

500 1018 816 1069 συγγράψαντες
857 1017 1006 1056 πολλὰ
1038 1016 1348 1068 ὁιαφωνοῦντες
1381 1019 1498 1056 τοῦτό
1530 1031 1575 1068 γε
1608 1017 1907 1068 ὁμολογοῦσιν,
1942 1019 1986 1056 οἵ
2014 1030 2059 1067 γε

497 1087 630 1137 λόγου
672 1088 783 1136 ἄξιοι
836 1088 909 1136 ὅτι,
954 1091 1034 1126 τῶν
1075 1086 1375 1144 Πανδιονιδῶν
1407 1088 1620 1140 τεσσάρων
1652 1088 1797 1138 ὄντων,
1830 1086 1987 1137 Αἰγέως
2018 1100 2058 1125 τε

496 1161 567 1195 καὶ
599 1156 742 1196 Λύκου
774 1161 846 1196 καὶ
877 1157 1138 1205 Πάλλαντος
1169 1162 1241 1197 καὶ
1274 1160 1466 1210 τετάρτου
1499 1156 1650 1206 Νίσου,
1678 1162 1750 1196 καὶ
1780 1162 1847 1208 τῆς
1881 1156 2058 1208 Ἀττικῆς

499 1230 555 1274 εἰς
598 1229 767 1281 τέτταρα
807 1229 915 1281 μέρη
959 1227 1260 1282 διαιρεθείσης,
1303 1230 1325 1267 ὁ
1369 1227 1502 1275 Νῖσος
1544 1231 1615 1278 τὴν
1654 1226 1880 1281 ᾹΙεγαρίὸα
1911 1227 2057 1280 λάχοι,

495 1302 565 1338 καὶ
597 1301 734 1338 κτίσαι
767 1301 838 1349 τὴν
871 1298 1073 1338 Νίσαιαν.
1108 1299 1345 1352 Φιλόχορος
1374 1301 1455 1349 μὲν
1487 1300 1564 1338 οὖν
1596 1300 1681 1338 άπὸ
1715 1298 1901 1349 Ἰσθμοῦ
1927 1299 2054 1352 μέχρι

497 1372 568 1408 τοῦ
610 1368 787 1408 Πυθίου
830 1368 988 1420 διήκειν
1029 1371 1158 1410 αὐτοῦ
1201 1384 1303 1422 φησι
1346 1373 1417 1421 τὴν
1449 1371 1598 1422 ἀρχὴν,
1633 1368 1826 1423 ’Ἄνδρων
1858 1367 1902 1408 δὲ
1931 1369 2057 1422 μέχρι

503 1439 737 1486 Ἐλευσῖνος
768 1444 839 1479 καὶ
874 1444 944 1480 τοῦ
978 1439 1183 1494 Θριασίου
1214 1440 1375 1481 πεδίου.

556 1508 784 1551 Atthidum
835 1509 968 1564 igitur
1014 1512 1220 1553 auctores
1268 1509 1517 1553 Pandionis
1565 1512 1607 1553 et
1653 1508 1788 1565 Aegei
1838 1509 2056 1564 originem

497 1579 752 1634 Megaream
782 1580 850 1623 vel
880 1579 1200 1624 Troezenicam
1233 1581 1275 1623 in
1295 1581 1571 1624 oblivionem
1591 1580 1867 1623 adducentes
1885 1591 2057 1634 eosque

499 1651 541 1692 in
575 1649 743 1693 Atticae
777 1652 965 1694 stemma
998 1652 1169 1707 regium
1204 1652 1453 1695 inserentes
1486 1652 1541 1694 de
1575 1651 1892 1706 suppositione
1918 1650 2055 1706 Aegei

498 1720 606 1763 nihil
636 1721 832 1776 proferre
861 1724 1122 1776 potuerunt;
1147 1723 1266 1766 unde
1287 1723 1489 1777 sequitur
1507 1721 1806 1773 Plutarchum,
1825 1721 1902 1776 qui
1919 1720 2056 1777 Aegei

496 1792 858 1846 suppositionem
908 1804 1089 1836 causam
1139 1793 1243 1837 belli
1293 1805 1319 1837 a
1367 1792 1582 1837 Pallantis
1625 1793 1729 1836 filiis
1772 1804 1872 1835 curn
1904 1791 2056 1847 Aegeo

496 1863 696 1917 suscepti
724 1862 865 1906 fuisse
893 1866 1051 1914 narrat,
1071 1862 1105 1918 ³)
1135 1865 1244 1907 haec
1274 1864 1398 1907 nullo
1428 1864 1563 1907 modo
1593 1876 1646 1907 ex
1663 1863 1841 1906 Atthide
1861 1863 2054 1918 quadam

496 1933 823 1988 desumpsisse.
849 1934 1006 1989 Neque
1036 1946 1090 1978 ex
1119 1933 1406 1987 Philochoro,
1426 1935 1543 1978 unde
1564 1935 1708 1990 ipsam
1728 1934 1834 1977 belli
1853 1934 2056 1989 descrip-

495 2003 663 2047 tionem
693 2005 899 2048 hausisse
933 2005 1120 2057 videtur‚
1156 2017 1301 2060 neque
1331 2018 1385 2049 ex
1413 2006 1536 2058 istm,
1556 2006 1679 2061 quod
1697 2002 2055 2057 Wellmannus⁴)

496 2074 800 2118 demonstrare
829 2078 1018 2119 conatus
1036 2079 1116 2120 est.
1140 2075 1285 2132 Supra
1304 2078 1421 2120 enim
1441 2077 1561 2132 apud
1581 2075 1845 2120 Strabonem
1865 2076 2057 2132 legimus

495 2156 653 2189 omnes
709 2145 1110 2203 Atthidographos‚
1169 2149 1244 2203 qui
1305 2148 1567 2191 alicuius
1619 2148 1889 2190 momenti
1938 2150 2054 2200 sunt,

494 2214 680 2269 (quibus
724 2215 1045 2261 Philochorum
1090 2220 1132 2261 et
1173 2218 1328 2261 Istrum
1373 2218 1737 2262 adnumerandos
1779 2229 1879 2261 esse
1923 2230 2054 2261 nemo

494 2286 644 2342 negat)
677 2289 1041 2343 suppositionem
1075 2288 1212 2345 Aegei
1248 2301 1337 2332 non
1372 2290 1629 2345 agnovisse.

539 2394 568 2433 l)
602 2394 643 2427 cf.
677 2395 827 2429 Pausan.
853 2397 889 2429 lll
916 2398 961 2435 15,
984 2398 1023 2431 8:
1046 2398 1117 2433 Ἐν
1148 2399 1354 2445 Σπάρτῃ..
1371 2426 1378 2433 .
1394 2425 1402 2433 .
1427 2402 1533 2445 ἡρῷα
1549 2426 1554 2432 .
1571 2425 1579 2433 .
1595 2424 1602 2432 .
1619 2426 1626 2434 .
1653 2398 1818 2445 Κάδμου
1853 2402 1916 2433 τοῦ
1941 2398 2054 2444 Ἀγή-

493 2457 614 2491 νῡρθς,
642 2450 715 2480 τῶν
741 2461 777 2481 τε
803 2449 1016 2495 ἀπογόνων,
1046 2451 1240 2486 Οἰολύκου
1269 2456 1332 2486 τοῦ
1363 2452 1468 2498 Θήρα
1495 2453 1558 2487 καὶ
1585 2452 1731 2498 Αἰγέως
1758 2455 1820 2486 τοῦ
1848 2451 2055 2486 Οἰολύκου.

494 2497 567 2529 Vid.
592 2501 745 2538 praetera
771 2500 898 2533 Herod.
923 2502 962 2535 lv
989 2503 1065 2536 149:
1094 2503 1288 2538 Οἰολύκου
1317 2505 1355 2538 δὲ
1382 2507 1525 2551 γίνεται
1552 2505 1703 2551 Αἰγεύς,
1730 2505 1791 2538 ἐπὶ
1815 2505 1858 2538 οὗ
1881 2503 2052 2550 Αἰγεῖδαι

494 2549 708 2593 καλέονται,
735 2552 841 2598 φυλὴ
867 2554 1021 2600 μεγάλη
1048 2558 1089 2590 ἐν
1114 2557 1282 2604 Σπάρτῃ.

534 2608 567 2646 2)
590 2608 715 2641 Strabo
739 2610 779 2641 lX
804 2619 834 2651 p.
858 2611 914 2643 601
942 2626 981 2640 =
1004 2613 1160 2647 Philocli.
1183 2615 1220 2647 fr.
1243 2616 1302 2654 35;
1328 2616 1369 2648 cf.
1393 2624 1535 2656 quoque
1559 2616 1663 2655 praet.
1687 2624 1718 2655 p.
1742 2616 1770 2647 8.

535 2659 567 2698 3)
591 2660 657 2693 vila
681 2662 786 2694 Thes.
811 2670 838 2695 c.
862 2663 940 2697 Xlll.

535 2712 568 2749 4)
592 2712 634 2744 de
659 2713 744 2746 Istro
768 2714 902 2748 Callim.
926 2725 958 2757 p.
982 2718 1021 2750 37
1034 2727 1110 2758 sqq,

493 2813 550 2855 95
