2174 3374
433 519 535 548 num
601 507 776 548 animos
839 505 1089 547 delectasse
1148 504 1452 557 omnibusque
1506 504 1713 558 exemplo
1771 502 1987 551 fuisse.¹)

489 576 717 619 Atthidum
752 576 996 629 scriptores
1030 585 1213 628 quoque
1247 585 1384 628 saepe
1418 577 1578 627 poetae
1613 574 1794 616 arbitrio
1829 573 1989 615 ductos

433 650 474 689 et
522 650 666 688 rectos
714 657 828 696 esse,
878 645 1106 698 multaque
1155 656 1209 686 ex
1258 644 1354 686 eius
1396 644 1642 698 tragoediis
1685 645 1728 685 in
1778 644 1990 686 chronica

432 719 601 759 urbana
635 727 938 770 permanasse,
974 716 1074 769 ipsa
1107 727 1176 757 res
1220 715 1382 756 clamat
1420 717 1461 757 et
1492 714 1739 769 fragmenta
1766 725 1990 756 nonnum-

433 799 567 842 quam
625 789 867 837 testantur;
927 786 1255 840 discrepantiae
1304 787 1448 827 autem
1503 785 1604 827 illae
1653 786 1762 828 satis
1810 785 1991 828 crebrae

433 870 522 900 non
572 858 842 912 proveniunt
889 869 942 899 ex
991 857 1163 899 minore
1211 867 1374 898 scenae
1422 855 1592 898 Atticae
1636 857 1789 910 gratia,
1823 856 1904 898 sed
1937 867 1992 897 ex

434 929 800 972 dissimilitudine
846 940 960 982 quae
1004 930 1095 969 erat
1134 927 1421 981 (semperque
1451 926 1548 978 erit)
1594 927 1704 968 inter
1739 929 1916 981 poetam
1951 928 1993 968 et

433 1000 708 1049 historicum,
754 999 865 1041 inter
907 998 1137 1040 Musarum
1173 998 1402 1040 alumnum
1437 997 1654 1039 lascivum
1688 999 1991 1050 spectatorum

434 1071 781 1113 oblectationem
827 1069 969 1124 magis
1013 1080 1147 1122 quarn
1192 1069 1420 1110 veritatem
1465 1070 1690 1110 curantem
1726 1070 1767 1109 et
1799 1071 1992 1119 ἄμουσον

435 1143 569 1196 ἄνδρα
613 1141 750 1182 nimia
794 1140 1027 1194 diligentia
1075 1140 1226 1181 omnia
1274 1140 1596 1193 exquirentem,
1645 1141 1896 1191 ἐξακριβοῦν
1943 1142 1992 1177 ιὰ

432 1214 535 1253 καθ’
583 1215 736 1251 ἕκαστα
782 1208 1119 1262 βουλό,ιιενου,2)
1176 1210 1288 1251 inter
1345 1209 1557 1251 artifiCem
1615 1219 1839 1250 summum
1888 1208 1993 1249 artis

435 1284 638 1338 poeticae
673 1284 714 1323 et
746 1281 1017 1323 aestheticae
1052 1280 1228 1335 legibus
1262 1280 1645 1334 obtemperantem
1680 1280 1812 1332 atque
1831 1289 1994 1320 secun-

435 1354 538 1396 dum
574 1364 650 1395 eas
684 1352 861 1406 mythos
893 1351 1280 1406 transfigurantem
1311 1354 1352 1392 et
1382 1350 1637 1401 „doctorem
1668 1348 1993 1391 umbraticum’'

433 1424 684 1466 fabularum
719 1423 1038 1477 repugnantias
1072 1422 1332 1463 odorantem
1367 1431 1529 1474 resque
1564 1420 1698 1462 miras
1731 1422 1773 1461 et
1800 1431 1822 1460 e
1852 1419 1995 1473 phan-

435 1495 548 1537 tasia
597 1495 776 1549 poetica
824 1495 944 1535 ortas
993 1493 1269 1535 rationaliter
1311 1491 1610 1546 explicantem
1653 1491 1723 1533 vel
1767 1493 1994 1544 tamquam

435 1566 573 1608 falsas
609 1565 878 1607 reicientem.
904 1563 942 1615 3)

494 1636 560 1678 Ad
590 1636 706 1678 hunc
737 1635 1122 1677 Euhemerismum
1154 1634 1396 1687 praecipue
1426 1636 1584 1686 quarto
1603 1631 1786 1674 saeculo
1807 1634 1995 1674 exeunte

437 1710 477 1749 et
511 1707 694 1749 saeculo
728 1706 933 1759 sequenti
970 1705 1176 1746 homines
1205 1704 1447 1746 inclinasse
1475 1704 1695 1753 videntur,
1724 1714 1823 1744 cum
1853 1703 1996 1756 magis

438 1778 673 1833 magisque
718 1776 894 1818 labente
937 1775 1205 1817 Athenarum
1252 1777 1518 1828 ceteraeque
1552 1772 1769 1816 Graeciae
1804 1773 1998 1814 auctori-

436 1852 522 1891 tate
552 1848 736 1903 politica
765 1849 806 1889 et
828 1846 969 1902 gloria
989 1846 1064 1887 illa
1082 1852 1161 1886 τῶν
1179 1848 1458 1899 αὐτοχθόνων
1477 1845 1795 1899 languescente
1816 1843 1995 1885 humani

437 1931 620 1974 quoque
653 1918 820 1973 ingenii
856 1918 1094 1959 instinctus
1124 1916 1330 1970 poeticus
1350 1918 1391 1957 et
1412 1914 1731 1966 „idealismus”
1752 1914 1996 1956 hebescere

437 1991 666 2044 coepisset
708 1991 749 2031 et
791 1988 949 2030 rationi
993 1987 1180 2042 trigidae
1225 1987 1512 2041 pedestrique
1556 1986 1783 2028 cessisset.
1834 1983 1998 2026 Omnia

437 2062 594 2103 saltem
653 2060 786 2102 huius
847 2059 1148 2113 pragmaticae
1206 2057 1385 2099 fabulas
1443 2056 1760 2111 interpretandi
1811 2055 1997 2097 rationis

436 2132 640 2187 vestigia,
699 2142 815 2185 quae
874 2130 916 2171 in
974 2129 1201 2171 chronicis
1259 2131 1515 2182 supersunt,
1579 2127 1825 2182 reperimus
1875 2125 1996 2180 apud

482 2284 511 2324 l)
541 2283 584 2316 Ut
603 2283 718 2315 Weilii
748 2282 852 2314 verba
876 2281 1037 2313 afferam:
1064 2281 1107 2312 Le
1131 2280 1214 2319 gout
1238 2279 1283 2312 du
1309 2279 1426 2319 public
1450 2286 1537 2318 pour
1562 2276 1726 2317 Euripide
1751 2284 1787 2308 se
1812 2275 1943 2315 repand
1968 2276 1999 2307 et

437 2337 595 2369 s'accroit
632 2336 734 2376 apres
768 2336 798 2367 la
834 2337 922 2367 mort
955 2335 1000 2366 du
1036 2333 1148 2374 poete.
1182 2333 1282 2365 Nous
1318 2333 1347 2364 le
1382 2340 1518 2372 voyons
1553 2330 1685 2363 bientOt
1720 2330 1842 2370 regnes
1865 2337 1923 2361 sur
1946 2329 1998 2360 les

438 2390 586 2422 the'atres
610 2389 798 2421 d'Athenes
822 2391 853 2421 et
887 2389 929 2420 de
964 2388 996 2419 la
1026 2386 1147 2423 Grece,
1179 2388 1209 2418 et
1239 2387 1320 2425 plus
1349 2386 1423 2417 tard
1448 2393 1506 2417 sur
1530 2392 1616 2416 ceux
1641 2384 1686 2415 du
1712 2383 1841 2415 monde
1864 2390 1943 2422 grec
1967 2383 2000 2413 et

437 2443 582 2475 romain.
613 2443 677 2474 Les
707 2442 836 2482 grands
867 2443 1002 2473 acteurs
1027 2441 1057 2472 le
1081 2439 1263 2479 preterent,
1288 2439 1338 2470 les
1363 2438 1484 2478 poetes
1509 2437 1674 2474 l’imitent,
1698 2437 1750 2468 les
1773 2435 1944 2467 e'crivains
1968 2435 1998 2466 le

438 2497 550 2532 citent,
579 2498 660 2528 tous
684 2503 769 2526 ceux
794 2495 852 2534 qui
877 2495 980 2526 lisent
1004 2494 1034 2525 le
1059 2495 1179 2525 savent
1204 2500 1264 2532 par
1287 2500 1393 2524 coeur
1422 2491 1478 2530 (Η.
1501 2491 1601 2528 Weil,
1632 2489 1715 2529 Sept
1738 2490 1841 2529 Trag.
1875 2488 1998 2525 d'Eur.‚

437 2549 672 2581 Introduction
698 2557 728 2588 p.
753 2548 860 2586 XVll).

479 2602 512 2641 2)
536 2601 620 2633 Sunt
644 2602 748 2633 verba
773 2600 945 2632 Plutarchi
970 2600 1013 2631 de
1037 2599 1210 2635 Clidemo„
1233 2598 1301 2629 vita
1324 2597 1453 2629 Thesei
1479 2605 1506 2628 c.
1529 2596 1578 2627 26.

480 2655 512 2693 3)
537 2648 681 2682 Πολλὰ
720 2649 925 2693 tumidorum
965 2647 1099 2687 ἀοιδοὶ,
1138 2647 1327 2690 παροιμία
1365 2646 1427 2678 ἐπὶ
1467 2648 1538 2677 τῶν
1574 2643 1729 2688 κῑ-’ρδοις
1773 2645 1884 2675 ἕνεκα
1933 2642 1995 2674 καὶ

443 2709 690 2752 ψυχαγωγίας
720 2707 839 2751 ψει-δι]
867 2706 1069 2751 λεγόντων.
1096 2703 1268 2743 (Philoch.
1293 2704 1330 2735 fr.
1358 2703 1396 2742 1).

445 2816 498 2857 10
