<?xml version="1.0" encoding="UTF-8"?>
<!DOCTYPE html PUBLIC "-//W3C//DTD XHTML 1.0 Transitional//EN"
    "http://www.w3.org/TR/xhtml1/DTD/xhtml1-transitional.dtd">
<html xmlns="http://www.w3.org/1999/xhtml" xml:lang="en" lang="en">
 <head>
  <title>
</title>
<meta http-equiv="Content-Type" content="text/html;charset=utf-8" />
  <meta name='ocr-system' content='tesseract 3.04.00' />
  <meta name='ocr-capabilities' content='ocr_page ocr_carea ocr_par ocr_line ocrx_word'/>
</head>
<body>
  <div class='ocr_page' id='page_1' title='image "./erechtheusetthes00schwuoft_0061.png"; bbox 0 0 2174 3374; ppageno 0'>
   <div class='ocr_carea' id='block_1_1' title="bbox 178 520 1743 2418">
    <p class='ocr_par' dir='ltr' id='par_1_1' title="bbox 182 520 1741 718">
     <span class='ocr_line' id='line_1_1' title="bbox 182 520 1741 577; baseline -0.001 -15"><span class='ocrx_word' id='word_1_1' title='bbox 182 522 369 575; x_wconf 81' lang='grc' dir='ltr'><em>ὁαίμονα</em></span> <span class='ocrx_word' id='word_1_2' title='bbox 409 528 479 562; x_wconf 79' lang='grc' dir='ltr'>καὶ</span> <span class='ocrx_word' id='word_1_3' title='bbox 523 521 725 576; x_wconf 81' lang='grc' dir='ltr'><em>Ἀχαιοὺς</em></span> <span class='ocrx_word' id='word_1_4' title='bbox 766 528 859 572; x_wconf 80' lang='grc' dir='ltr'>τοὺς</span> <span class='ocrx_word' id='word_1_5' title='bbox 902 526 985 564; x_wconf 82' lang='grc' dir='ltr'><em>ἐκεῖ</em></span> <span class='ocrx_word' id='word_1_6' title='bbox 1026 524 1242 576; x_wconf 72' lang='grc' dir='ltr'><em>κληθῆναι</em></span> <span class='ocrx_word' id='word_1_7' title='bbox 1274 524 1602 577; x_wconf 78' lang='grc' dir='ltr'><em>παρεσκεύασεν,</em></span> <span class='ocrx_word' id='word_1_8' title='bbox 1637 520 1741 562; x_wconf 83' lang='grc' dir='ltr'>Ἴων</span> 
     </span>
     <span class='ocr_line' id='line_1_2' title="bbox 182 592 1741 648; baseline 0 -16"><span class='ocrx_word' id='word_1_9' title='bbox 182 593 226 632; x_wconf 81' lang='grc' dir='ltr'>δὲ</span> <span class='ocrx_word' id='word_1_10' title='bbox 273 597 366 641; x_wconf 81' lang='grc' dir='ltr'><em>τοὺς</em></span> <span class='ocrx_word' id='word_1_11' title='bbox 410 592 498 645; x_wconf 80' lang='grc' dir='ltr'>μετ’</span> <span class='ocrx_word' id='word_1_12' title='bbox 547 594 786 645; x_wconf 78' lang='grc' dir='ltr'><em>Εὐμόλπου</em></span> <span class='ocrx_word' id='word_1_13' title='bbox 845 600 1018 646; x_wconf 67' lang='grc' dir='ltr'><em>νικήσας</em></span> <span class='ocrx_word' id='word_1_14' title='bbox 1071 593 1238 648; x_wconf 74' lang='grc' dir='ltr'><em>Θρᾷκας</em></span> <span class='ocrx_word' id='word_1_15' title='bbox 1285 596 1412 640; x_wconf 81' lang='grc' dir='ltr'><em>οὕτως</em></span> <span class='ocrx_word' id='word_1_16' title='bbox 1460 592 1741 645; x_wconf 73' lang='grc' dir='ltr'><em>ηὐδοκίμησεν</em></span> 
     </span>
     <span class='ocr_line' id='line_1_3' title="bbox 182 661 1317 718; baseline 0.001 -15"><span class='ocrx_word' id='word_1_17' title='bbox 182 662 276 704; x_wconf 81' lang='grc' dir='ltr'><em>ὥστ’</em></span> <span class='ocrx_word' id='word_1_18' title='bbox 309 666 544 718; x_wconf 74' lang='grc' dir='ltr'><em>ἐπέτρεψαν</em></span> <span class='ocrx_word' id='word_1_19' title='bbox 577 667 687 716; x_wconf 85' lang='grc' dir='ltr'><em>αὐτῷ</em></span> <span class='ocrx_word' id='word_1_20' title='bbox 721 669 792 716; x_wconf 76' lang='grc' dir='ltr'>τὴν</span> <span class='ocrx_word' id='word_1_21' title='bbox 824 666 1045 705; x_wconf 77' lang='grc' dir='ltr'><em>πολιτείαν</em></span> <span class='ocrx_word' id='word_1_22' title='bbox 1079 661 1317 716; x_wconf 72' lang='grc' dir='ltr'><em>Ἀθηναῖοι.</em></span> 
     </span>
    </p>

    <p class='ocr_par' dir='ltr' id='par_1_2' title="bbox 180 732 1743 1357">
     <span class='ocr_line' id='line_1_4' title="bbox 241 732 1739 789; baseline -0.001 -14"><span class='ocrx_word' id='word_1_23' title='bbox 241 733 359 776; x_wconf 87' lang='lat' dir='ltr'>Idem</span> <span class='ocrx_word' id='word_1_24' title='bbox 394 733 495 776; x_wconf 87' lang='lat' dir='ltr'>aliis</span> <span class='ocrx_word' id='word_1_25' title='bbox 537 734 688 776; x_wconf 89' lang='lat' dir='ltr'>verbis</span> <span class='ocrx_word' id='word_1_26' title='bbox 717 734 877 789; x_wconf 90' lang='lat' dir='ltr'>legitur</span> <span class='ocrx_word' id='word_1_27' title='bbox 912 735 1031 788; x_wconf 92' lang='lat' dir='ltr'>apud</span> <span class='ocrx_word' id='word_1_28' title='bbox 1066 732 1301 777; x_wconf 86' lang='lat' dir='ltr'>Cononem</span> <span class='ocrx_word' id='word_1_29' title='bbox 1337 733 1523 785; x_wconf 79' lang='lat' dir='ltr'><strong>(Narrat.</strong></span> <span class='ocrx_word' id='word_1_30' title='bbox 1559 732 1739 783; x_wconf 84' lang='lat' dir='ltr'>XXVII),</span> 
     </span>
     <span class='ocr_line' id='line_1_5' title="bbox 181 800 1740 858; baseline -0.001 -12"><span class='ocrx_word' id='word_1_31' title='bbox 181 805 257 858; x_wconf 92' lang='lat' dir='ltr'>qui</span> <span class='ocrx_word' id='word_1_32' title='bbox 314 816 414 847; x_wconf 92' lang='lat' dir='ltr'>cum</span> <span class='ocrx_word' id='word_1_33' title='bbox 474 802 692 847; x_wconf 85' lang='lat' dir='ltr'>Strabone</span> <span class='ocrx_word' id='word_1_34' title='bbox 751 816 804 847; x_wconf 90' lang='lat' dir='ltr'>ex</span> <span class='ocrx_word' id='word_1_35' title='bbox 862 805 1022 847; x_wconf 88' lang='lat' dir='ltr'>eodem</span> <span class='ocrx_word' id='word_1_36' title='bbox 1076 804 1197 847; x_wconf 81' lang='lat' dir='ltr'>tonte</span> <span class='ocrx_word' id='word_1_37' title='bbox 1248 804 1454 847; x_wconf 79' lang='lat' dir='ltr'>hausisse</span> <span class='ocrx_word' id='word_1_38' title='bbox 1503 803 1689 845; x_wconf 89' lang='lat' dir='ltr'>videtur.</span> <span class='ocrx_word' id='word_1_39' title='bbox 1713 800 1740 856; x_wconf 71' lang='grc' dir='ltr'>ι)</span> 
     </span>
     <span class='ocr_line' id='line_1_6' title="bbox 182 873 1743 930; baseline -0.002 -13"><span class='ocrx_word' id='word_1_40' title='bbox 182 874 429 929; x_wconf 91' lang='lat' dir='ltr'>Utrumque</span> <span class='ocrx_word' id='word_1_41' title='bbox 464 876 534 917; x_wconf 89' lang='lat' dir='ltr'>hic</span> <span class='ocrx_word' id='word_1_42' title='bbox 570 874 826 918; x_wconf 84' lang='lat' dir='ltr'>Philochori</span> <span class='ocrx_word' id='word_1_43' title='bbox 862 876 1052 930; x_wconf 89' lang='lat' dir='ltr'>vestigia</span> <span class='ocrx_word' id='word_1_44' title='bbox 1086 875 1252 929; x_wconf 84' lang='lat' dir='ltr'>legisse</span> <span class='ocrx_word' id='word_1_45' title='bbox 1295 874 1552 916; x_wconf 80' lang='lat' dir='ltr'>dubitanter</span> <span class='ocrx_word' id='word_1_46' title='bbox 1591 873 1743 927; x_wconf 91' lang='lat' dir='ltr'>suspi-</span> 
     </span>
     <span class='ocr_line' id='line_1_7' title="bbox 181 943 1742 1000; baseline -0.002 -12"><span class='ocrx_word' id='word_1_47' title='bbox 181 946 264 988; x_wconf 89' lang='lat' dir='ltr'>cati</span> <span class='ocrx_word' id='word_1_48' title='bbox 299 948 402 989; x_wconf 93' lang='lat' dir='ltr'>sunt</span> <span class='ocrx_word' id='word_1_49' title='bbox 435 945 515 989; x_wconf 86' lang='lat' dir='ltr'>Ed.</span> <span class='ocrx_word' id='word_1_50' title='bbox 549 946 702 1000; x_wconf 87' lang='lat' dir='ltr'>Meyer</span> <span class='ocrx_word' id='word_1_51' title='bbox 720 943 755 1000; x_wconf 87' lang='grc'>2)</span> <span class='ocrx_word' id='word_1_52' title='bbox 790 948 831 988; x_wconf 91' lang='lat' dir='ltr'>et</span> <span class='ocrx_word' id='word_1_53' title='bbox 865 944 920 989; x_wconf 82' lang='lat' dir='ltr'>G.</span> <span class='ocrx_word' id='word_1_54' title='bbox 956 945 1185 995; x_wconf 86' lang='lat' dir='ltr'>Kirchner,</span> <span class='ocrx_word' id='word_1_55' title='bbox 1206 943 1240 998; x_wconf 77' lang='lat'>3)</span> <span class='ocrx_word' id='word_1_56' title='bbox 1276 956 1465 999; x_wconf 85' lang='lat' dir='ltr'>quorum</span> <span class='ocrx_word' id='word_1_57' title='bbox 1487 944 1742 986; x_wconf 89' lang='lat' dir='ltr'>coniectura</span> 
     </span>
     <span class='ocr_line' id='line_1_8' title="bbox 180 1014 1741 1070; baseline -0.001 -12"><span class='ocrx_word' id='word_1_58' title='bbox 180 1028 233 1059; x_wconf 94' lang='lat' dir='ltr'>eo</span> <span class='ocrx_word' id='word_1_59' title='bbox 267 1017 553 1060; x_wconf 90' lang='lat' dir='ltr'>vehementer</span> <span class='ocrx_word' id='word_1_60' title='bbox 585 1017 910 1068; x_wconf 86' lang='lat' dir='ltr'>corroboratur,</span> <span class='ocrx_word' id='word_1_61' title='bbox 947 1017 1070 1070; x_wconf 87' lang='lat' dir='ltr'>quod</span> <span class='ocrx_word' id='word_1_62' title='bbox 1106 1014 1264 1058; x_wconf 85' lang='lat' dir='ltr'>Strabo</span> <span class='ocrx_word' id='word_1_63' title='bbox 1299 1016 1358 1057; x_wconf 89' lang='lat' dir='ltr'>ait</span> <span class='ocrx_word' id='word_1_64' title='bbox 1392 1015 1541 1056; x_wconf 88' lang='lat' dir='ltr'>Ionem</span> <span class='ocrx_word' id='word_1_65' title='bbox 1577 1015 1741 1056; x_wconf 89' lang='lat' dir='ltr'>vicisse</span> 
     </span>
     <span class='ocr_line' id='line_1_9' title="bbox 182 1085 1742 1143; baseline -0.001 -15"><span class='ocrx_word' id='word_1_66' title='bbox 182 1092 302 1139; x_wconf 64' lang='grc' dir='ltr'><em>»τοὺς</em></span> <span class='ocrx_word' id='word_1_67' title='bbox 341 1088 429 1140; x_wconf 55' lang='grc' dir='ltr'>μεθ</span> <span class='ocrx_word' id='word_1_68' title='bbox 471 1089 711 1141; x_wconf 77' lang='grc' dir='ltr'><em>Εὐμόλπου</em></span> <span class='ocrx_word' id='word_1_69' title='bbox 757 1087 1016 1143; x_wconf 77' lang='grc' dir='ltr'><em>Θρᾷκας”,</em></span> <span class='ocrx_word' id='word_1_70' title='bbox 1062 1099 1162 1129; x_wconf 83' lang='lat' dir='ltr'>cum</span> <span class='ocrx_word' id='word_1_71' title='bbox 1207 1087 1280 1129; x_wconf 81' lang='lat' dir='ltr'>alii</span> <span class='ocrx_word' id='word_1_72' title='bbox 1326 1097 1484 1128; x_wconf 80' lang='lat' dir='ltr'>omnes</span> <span class='ocrx_word' id='word_1_73' title='bbox 1518 1085 1742 1128; x_wconf 78' lang='lat' dir='ltr'>Eleusi-</span> 
     </span>
     <span class='ocr_line' id='line_1_10' title="bbox 182 1156 1740 1214; baseline -0.001 -14"><span class='ocrx_word' id='word_1_74' title='bbox 182 1159 313 1202; x_wconf 92' lang='lat' dir='ltr'>nios</span> <span class='ocrx_word' id='word_1_75' title='bbox 361 1165 712 1202; x_wconf 89' lang='lat' dir='ltr'>commemorent</span> <span class='ocrx_word' id='word_1_76' title='bbox 761 1158 973 1214; x_wconf 85' lang='lat' dir='ltr'>(Pausan.</span> <span class='ocrx_word' id='word_1_77' title='bbox 1023 1159 1035 1200; x_wconf 97' lang='lat' dir='ltr'>I</span> <span class='ocrx_word' id='word_1_78' title='bbox 1084 1159 1154 1209; x_wconf 88' lang='lat'>31,</span> <span class='ocrx_word' id='word_1_79' title='bbox 1202 1158 1252 1209; x_wconf 85' lang='lat'>3;</span> <span class='ocrx_word' id='word_1_80' title='bbox 1302 1157 1370 1200; x_wconf 90' lang='lat' dir='ltr'>Vll</span> <span class='ocrx_word' id='word_1_81' title='bbox 1423 1158 1458 1208; x_wconf 90' lang='lat'>1,</span> <span class='ocrx_word' id='word_1_82' title='bbox 1507 1157 1556 1208; x_wconf 87' lang='lat'>5;</span> <span class='ocrx_word' id='word_1_83' title='bbox 1602 1156 1740 1210; x_wconf 83' lang='lat' dir='ltr'>Etym.</span> 
     </span>
     <span class='ocr_line' id='line_1_11' title="bbox 181 1228 1741 1285; baseline -0.002 -14"><span class='ocrx_word' id='word_1_84' title='bbox 181 1229 241 1272; x_wconf 89' lang='lat' dir='ltr'>M.</span> <span class='ocrx_word' id='word_1_85' title='bbox 274 1241 368 1272; x_wconf 90' lang='lat' dir='ltr'>s.v.</span> <span class='ocrx_word' id='word_1_86' title='bbox 402 1228 724 1285; x_wconf 74' lang='grc' dir='ltr'>Βοηδρο,ιιίωυ);</span> <span class='ocrx_word' id='word_1_87' title='bbox 760 1242 848 1284; x_wconf 88' lang='lat' dir='ltr'>qua</span> <span class='ocrx_word' id='word_1_88' title='bbox 883 1231 925 1272; x_wconf 87' lang='lat' dir='ltr'>in</span> <span class='ocrx_word' id='word_1_89' title='bbox 961 1241 1004 1272; x_wconf 92' lang='lat' dir='ltr'>re</span> <span class='ocrx_word' id='word_1_90' title='bbox 1056 1229 1237 1271; x_wconf 88' lang='lat' dir='ltr'>nonnisi</span> <span class='ocrx_word' id='word_1_91' title='bbox 1282 1228 1741 1283; x_wconf 80' lang='lat' dir='ltr'>Atthidographorum</span> 
     </span>
     <span class='ocr_line' id='line_1_12' title="bbox 181 1299 1112 1357; baseline 0.001 -14"><span class='ocrx_word' id='word_1_92' title='bbox 181 1301 486 1344; x_wconf 88' lang='lat' dir='ltr'>auctoritatem</span> <span class='ocrx_word' id='word_1_93' title='bbox 521 1313 768 1357; x_wconf 85' lang='lat' dir='ltr'>agnoscere</span> <span class='ocrx_word' id='word_1_94' title='bbox 802 1312 1061 1356; x_wconf 76' lang='lat' dir='ltr'>possumus</span> <span class='ocrx_word' id='word_1_95' title='bbox 1081 1299 1112 1355; x_wconf 74' lang='lat'>4)</span> 
     </span>
    </p>

    <p class='ocr_par' dir='ltr' id='par_1_3' title="bbox 179 1369 1743 1781">
     <span class='ocr_line' id='line_1_13' title="bbox 238 1369 1740 1427; baseline -0.002 -14"><span class='ocrx_word' id='word_1_96' title='bbox 238 1370 536 1414; x_wconf 84' lang='lat' dir='ltr'>Philochorus</span> <span class='ocrx_word' id='word_1_97' title='bbox 570 1373 714 1427; x_wconf 89' lang='lat' dir='ltr'>igitur,</span> <span class='ocrx_word' id='word_1_98' title='bbox 750 1373 785 1415; x_wconf 92' lang='lat' dir='ltr'>si</span> <span class='ocrx_word' id='word_1_99' title='bbox 822 1373 919 1414; x_wconf 90' lang='lat' dir='ltr'>eius</span> <span class='ocrx_word' id='word_1_100' title='bbox 953 1372 1219 1414; x_wconf 87' lang='lat' dir='ltr'>sententiam</span> <span class='ocrx_word' id='word_1_101' title='bbox 1249 1369 1510 1413; x_wconf 86' lang='lat' dir='ltr'>eStrabone</span> <span class='ocrx_word' id='word_1_102' title='bbox 1530 1369 1740 1423; x_wconf 89' lang='lat' dir='ltr'>supplere</span> 
     </span>
     <span class='ocr_line' id='line_1_14' title="bbox 180 1439 1739 1495; baseline -0.002 -12"><span class='ocrx_word' id='word_1_103' title='bbox 180 1441 298 1494; x_wconf 85' lang='lat' dir='ltr'>licet,</span> <span class='ocrx_word' id='word_1_104' title='bbox 346 1443 527 1485; x_wconf 89' lang='lat' dir='ltr'>tradidit</span> <span class='ocrx_word' id='word_1_105' title='bbox 583 1442 779 1485; x_wconf 87' lang='lat' dir='ltr'>Xuthum</span> <span class='ocrx_word' id='word_1_106' title='bbox 825 1442 1011 1485; x_wconf 86' lang='lat' dir='ltr'>Hellene</span> <span class='ocrx_word' id='word_1_107' title='bbox 1055 1444 1204 1484; x_wconf 92' lang='lat' dir='ltr'>natum</span> <span class='ocrx_word' id='word_1_108' title='bbox 1252 1441 1503 1495; x_wconf 89' lang='lat' dir='ltr'>tetrapolim</span> <span class='ocrx_word' id='word_1_109' title='bbox 1553 1439 1739 1482; x_wconf 81' lang='lat' dir='ltr'>Atticam</span> 
     </span>
     <span class='ocr_line' id='line_1_15' title="bbox 180 1510 1740 1568; baseline -0.003 -13"><span class='ocrx_word' id='word_1_110' title='bbox 180 1513 442 1557; x_wconf 90' lang='lat' dir='ltr'>condidisse</span> <span class='ocrx_word' id='word_1_111' title='bbox 477 1516 609 1568; x_wconf 89' lang='lat' dir='ltr'>atque</span> <span class='ocrx_word' id='word_1_112' title='bbox 644 1514 878 1557; x_wconf 84' lang='lat' dir='ltr'>Erechthei</span> <span class='ocrx_word' id='word_1_113' title='bbox 913 1513 1048 1556; x_wconf 81' lang='lat' dir='ltr'>tiliam</span> <span class='ocrx_word' id='word_1_114' title='bbox 1084 1511 1300 1556; x_wconf 89' lang='lat' dir='ltr'>Creusam</span> <span class='ocrx_word' id='word_1_115' title='bbox 1331 1522 1513 1554; x_wconf 89' lang='lat' dir='ltr'>uxorem</span> <span class='ocrx_word' id='word_1_116' title='bbox 1543 1510 1740 1560; x_wconf 86' lang='lat' dir='ltr'>duxisse,</span> 
     </span>
     <span class='ocr_line' id='line_1_16' title="bbox 179 1581 1740 1635; baseline -0.003 -9"><span class='ocrx_word' id='word_1_117' title='bbox 179 1584 318 1627; x_wconf 85' lang='lat' dir='ltr'>filiurn</span> <span class='ocrx_word' id='word_1_118' title='bbox 367 1587 513 1627; x_wconf 91' lang='lat' dir='ltr'>autem</span> <span class='ocrx_word' id='word_1_119' title='bbox 563 1585 660 1628; x_wconf 91' lang='lat' dir='ltr'>eius</span> <span class='ocrx_word' id='word_1_120' title='bbox 709 1585 857 1628; x_wconf 92' lang='lat' dir='ltr'>lonem</span> <span class='ocrx_word' id='word_1_121' title='bbox 908 1596 992 1627; x_wconf 93' lang='lat' dir='ltr'>avo</span> <span class='ocrx_word' id='word_1_122' title='bbox 1042 1589 1242 1626; x_wconf 84' lang='lat' dir='ltr'>materno</span> <span class='ocrx_word' id='word_1_123' title='bbox 1286 1585 1439 1624; x_wconf 89' lang='lat' dir='ltr'>contra</span> <span class='ocrx_word' id='word_1_124' title='bbox 1473 1581 1740 1635; x_wconf 82' lang='lat' dir='ltr'>Eumolpum</span> 
     </span>
     <span class='ocr_line' id='line_1_17' title="bbox 180 1651 1743 1711; baseline -0.003 -14"><span class='ocrx_word' id='word_1_125' title='bbox 180 1655 348 1698; x_wconf 88' lang='lat' dir='ltr'>auxilio</span> <span class='ocrx_word' id='word_1_126' title='bbox 381 1656 562 1699; x_wconf 93' lang='lat' dir='ltr'>venisse</span> <span class='ocrx_word' id='word_1_127' title='bbox 591 1658 633 1698; x_wconf 91' lang='lat' dir='ltr'>et</span> <span class='ocrx_word' id='word_1_128' title='bbox 667 1668 747 1710; x_wconf 88' lang='lat' dir='ltr'>pro</span> <span class='ocrx_word' id='word_1_129' title='bbox 782 1655 923 1711; x_wconf 88' lang='lat' dir='ltr'>gloria</span> <span class='ocrx_word' id='word_1_130' title='bbox 951 1657 1174 1710; x_wconf 86' lang='lat' dir='ltr'>reportata</span> <span class='ocrx_word' id='word_1_131' title='bbox 1203 1665 1387 1709; x_wconf 90' lang='lat' dir='ltr'>regnum</span> <span class='ocrx_word' id='word_1_132' title='bbox 1417 1653 1472 1694; x_wconf 90' lang='lat' dir='ltr'>ab</span> <span class='ocrx_word' id='word_1_133' title='bbox 1501 1651 1743 1694; x_wconf 84' lang='lat' dir='ltr'>Athenien-</span> 
     </span>
     <span class='ocr_line' id='line_1_18' title="bbox 180 1715 1591 1781; baseline 0.003 -13"><span class='ocrx_word' id='word_1_134' title='bbox 180 1726 308 1769; x_wconf 89' lang='lat' dir='ltr'>sibus</span> <span class='ocrx_word' id='word_1_135' title='bbox 340 1727 589 1781; x_wconf 89' lang='lat' dir='ltr'>accepisse.</span> <span class='ocrx_word' id='word_1_136' title='bbox 619 1736 623 1739; x_wconf 73' lang='grc'><em>’</em></span> <span class='ocrx_word' id='word_1_137' title='bbox 1584 1715 1591 1720; x_wconf 55' lang='grc'><strong><em>’</em></strong></span> 
     </span>
    </p>

    <p class='ocr_par' dir='ltr' id='par_1_4' title="bbox 178 1795 1743 2136">
     <span class='ocr_line' id='line_1_19' title="bbox 239 1795 1742 1853; baseline -0.003 -14"><span class='ocrx_word' id='word_1_138' title='bbox 239 1797 383 1841; x_wconf 91' lang='lat' dir='ltr'>Huius</span> <span class='ocrx_word' id='word_1_139' title='bbox 423 1797 603 1840; x_wconf 82' lang='lat' dir='ltr'>fabulae</span> <span class='ocrx_word' id='word_1_140' title='bbox 647 1798 865 1853; x_wconf 86' lang='lat' dir='ltr'>originem</span> <span class='ocrx_word' id='word_1_141' title='bbox 911 1799 952 1839; x_wconf 91' lang='lat' dir='ltr'>et</span> <span class='ocrx_word' id='word_1_142' title='bbox 996 1797 1316 1839; x_wconf 90' lang='lat' dir='ltr'>incrementum</span> <span class='ocrx_word' id='word_1_143' title='bbox 1353 1795 1606 1837; x_wconf 89' lang='lat' dir='ltr'>etiamnunc</span> <span class='ocrx_word' id='word_1_144' title='bbox 1642 1804 1742 1846; x_wconf 93' lang='lat' dir='ltr'>per-</span> 
     </span>
     <span class='ocr_line' id='line_1_20' title="bbox 179 1864 1741 1923; baseline -0.003 -13"><span class='ocrx_word' id='word_1_145' title='bbox 179 1868 356 1923; x_wconf 90' lang='lat' dir='ltr'>spicere</span> <span class='ocrx_word' id='word_1_146' title='bbox 390 1880 648 1923; x_wconf 89' lang='lat' dir='ltr'>possumus.</span> <span class='ocrx_word' id='word_1_147' title='bbox 684 1868 794 1911; x_wconf 90' lang='lat' dir='ltr'>Nam</span> <span class='ocrx_word' id='word_1_148' title='bbox 830 1869 953 1923; x_wconf 89' lang='lat' dir='ltr'>quod</span> <span class='ocrx_word' id='word_1_149' title='bbox 988 1867 1162 1910; x_wconf 92' lang='lat' dir='ltr'>Xuthus</span> <span class='ocrx_word' id='word_1_150' title='bbox 1196 1865 1446 1921; x_wconf 90' lang='lat' dir='ltr'>tetrapolim</span> <span class='ocrx_word' id='word_1_151' title='bbox 1481 1864 1741 1907; x_wconf 90' lang='lat' dir='ltr'>condidisse</span> 
     </span>
     <span class='ocr_line' id='line_1_21' title="bbox 179 1934 1741 1995; baseline -0.004 -13"><span class='ocrx_word' id='word_1_152' title='bbox 179 1939 355 1991; x_wconf 90' lang='lat' dir='ltr'>dicitur,</span> <span class='ocrx_word' id='word_1_153' title='bbox 389 1940 475 1982; x_wconf 93' lang='lat' dir='ltr'>hoc</span> <span class='ocrx_word' id='word_1_154' title='bbox 510 1940 619 1982; x_wconf 91' lang='lat' dir='ltr'>nihil</span> <span class='ocrx_word' id='word_1_155' title='bbox 653 1940 775 1983; x_wconf 91' lang='lat' dir='ltr'>aliud</span> <span class='ocrx_word' id='word_1_156' title='bbox 805 1940 1042 1995; x_wconf 76' lang='lat' dir='ltr'>significat,</span> <span class='ocrx_word' id='word_1_157' title='bbox 1072 1939 1156 1980; x_wconf 90' lang='lat' dir='ltr'>nisi</span> <span class='ocrx_word' id='word_1_158' title='bbox 1189 1938 1337 1979; x_wconf 91' lang='lat' dir='ltr'>Ionem</span> <span class='ocrx_word' id='word_1_159' title='bbox 1368 1936 1427 1978; x_wconf 90' lang='lat' dir='ltr'>ibi</span> <span class='ocrx_word' id='word_1_160' title='bbox 1448 1936 1554 1978; x_wconf 92' lang='lat' dir='ltr'>olim</span> <span class='ocrx_word' id='word_1_161' title='bbox 1575 1934 1741 1977; x_wconf 88' lang='lat' dir='ltr'>cultum</span> 
     </span>
     <span class='ocr_line' id='line_1_22' title="bbox 178 2006 1743 2065; baseline -0.004 -13"><span class='ocrx_word' id='word_1_162' title='bbox 178 2009 332 2053; x_wconf 83' lang='lat' dir='ltr'>fuisse.</span> <span class='ocrx_word' id='word_1_163' title='bbox 363 2009 656 2063; x_wconf 88' lang='lat' dir='ltr'>Quaerentes‚</span> <span class='ocrx_word' id='word_1_164' title='bbox 687 2011 918 2065; x_wconf 84' lang='lat' dir='ltr'>quomodo</span> <span class='ocrx_word' id='word_1_165' title='bbox 943 2010 1018 2053; x_wconf 93' lang='lat' dir='ltr'>lon</span> <span class='ocrx_word' id='word_1_166' title='bbox 1039 2022 1091 2052; x_wconf 93' lang='lat' dir='ltr'>eo</span> <span class='ocrx_word' id='word_1_167' title='bbox 1111 2009 1323 2059; x_wconf 88' lang='lat' dir='ltr'>venisset,</span> <span class='ocrx_word' id='word_1_168' title='bbox 1343 2008 1504 2061; x_wconf 91' lang='lat' dir='ltr'>sponte</span> <span class='ocrx_word' id='word_1_169' title='bbox 1523 2006 1743 2048; x_wconf 82' lang='lat' dir='ltr'>finxerunt</span> 
     </span>
     <span class='ocr_line' id='line_1_23' title="bbox 180 2081 1106 2136; baseline -0.001 -13"><span class='ocrx_word' id='word_1_170' title='bbox 180 2082 350 2135; x_wconf 87' lang='lat' dir='ltr'>patrem</span> <span class='ocrx_word' id='word_1_171' title='bbox 385 2082 482 2124; x_wconf 90' lang='lat' dir='ltr'>eius</span> <span class='ocrx_word' id='word_1_172' title='bbox 515 2081 793 2136; x_wconf 90' lang='lat' dir='ltr'>Tetrapolim</span> <span class='ocrx_word' id='word_1_173' title='bbox 828 2081 1106 2124; x_wconf 89' lang='lat' dir='ltr'>condidisse.</span> 
     </span>
    </p>

    <p class='ocr_par' dir='ltr' id='par_1_5' title="bbox 179 2147 1742 2418">
     <span class='ocr_line' id='line_1_24' title="bbox 239 2147 1741 2202; baseline -0.004 -9"><span class='ocrx_word' id='word_1_174' title='bbox 239 2149 428 2195; x_wconf 86' lang='lat' dir='ltr'>Prorsus</span> <span class='ocrx_word' id='word_1_175' title='bbox 461 2152 621 2195; x_wconf 92' lang='lat' dir='ltr'>eodem</span> <span class='ocrx_word' id='word_1_176' title='bbox 656 2153 791 2194; x_wconf 89' lang='lat' dir='ltr'>modo</span> <span class='ocrx_word' id='word_1_177' title='bbox 825 2151 999 2194; x_wconf 91' lang='lat' dir='ltr'>Xuthus</span> <span class='ocrx_word' id='word_1_178' title='bbox 1034 2152 1076 2192; x_wconf 92' lang='lat' dir='ltr'>in</span> <span class='ocrx_word' id='word_1_179' title='bbox 1110 2149 1322 2192; x_wconf 84' lang='lat' dir='ltr'>Achaiam</span> <span class='ocrx_word' id='word_1_180' title='bbox 1359 2147 1605 2202; x_wconf 85' lang='lat' dir='ltr'>proiectum</span> <span class='ocrx_word' id='word_1_181' title='bbox 1641 2157 1741 2188; x_wconf 90' lang='lat' dir='ltr'>esse</span> 
     </span>
     <span class='ocr_line' id='line_1_25' title="bbox 180 2218 1742 2278; baseline -0.004 -14"><span class='ocrx_word' id='word_1_182' title='bbox 180 2223 223 2264; x_wconf 91' lang='lat' dir='ltr'>et</span> <span class='ocrx_word' id='word_1_183' title='bbox 270 2221 330 2264; x_wconf 90' lang='lat' dir='ltr'>ibi</span> <span class='ocrx_word' id='word_1_184' title='bbox 374 2234 587 2278; x_wconf 86' lang='lat' dir='ltr'>regnasse</span> <span class='ocrx_word' id='word_1_185' title='bbox 636 2223 811 2273; x_wconf 88' lang='lat' dir='ltr'>dicitur,</span> <span class='ocrx_word' id='word_1_186' title='bbox 833 2221 867 2277; x_wconf 88' lang='lat'>⁵)</span> <span class='ocrx_word' id='word_1_187' title='bbox 916 2222 1022 2276; x_wconf 88' lang='lat' dir='ltr'>quia</span> <span class='ocrx_word' id='word_1_188' title='bbox 1070 2221 1199 2263; x_wconf 92' lang='lat' dir='ltr'>Iones</span> <span class='ocrx_word' id='word_1_189' title='bbox 1243 2219 1302 2261; x_wconf 89' lang='lat' dir='ltr'>ibi</span> <span class='ocrx_word' id='word_1_190' title='bbox 1348 2218 1658 2260; x_wconf 89' lang='lat' dir='ltr'>habitaverunt</span> <span class='ocrx_word' id='word_1_191' title='bbox 1701 2218 1742 2258; x_wconf 92' lang='lat' dir='ltr'>et</span> 
     </span>
     <span class='ocr_line' id='line_1_26' title="bbox 180 2289 1741 2346; baseline -0.004 -12"><span class='ocrx_word' id='word_1_192' title='bbox 180 2292 362 2335; x_wconf 89' lang='lat' dir='ltr'>heroem</span> <span class='ocrx_word' id='word_1_193' title='bbox 396 2304 526 2336; x_wconf 93' lang='lat' dir='ltr'>suum</span> <span class='ocrx_word' id='word_1_194' title='bbox 560 2294 710 2336; x_wconf 91' lang='lat' dir='ltr'>lonem</span> <span class='ocrx_word' id='word_1_195' title='bbox 746 2293 992 2336; x_wconf 79' lang='lat' dir='ltr'>coluerunt,</span> <span class='ocrx_word' id='word_1_196' title='bbox 1027 2293 1176 2346; x_wconf 91' lang='lat' dir='ltr'>Ipsum</span> <span class='ocrx_word' id='word_1_197' title='bbox 1212 2289 1405 2332; x_wconf 90' lang='lat' dir='ltr'>Xuthum</span> <span class='ocrx_word' id='word_1_198' title='bbox 1436 2300 1567 2330; x_wconf 90' lang='lat' dir='ltr'>nemo</span> <span class='ocrx_word' id='word_1_199' title='bbox 1597 2289 1741 2337; x_wconf 85' lang='lat' dir='ltr'>curat;</span> 
     </span>
     <span class='ocr_line' id='line_1_27' title="bbox 179 2359 1739 2418; baseline -0.004 -13"><span class='ocrx_word' id='word_1_200' title='bbox 179 2363 454 2418; x_wconf 90' lang='lat' dir='ltr'>ubicumque</span> <span class='ocrx_word' id='word_1_201' title='bbox 496 2365 733 2415; x_wconf 88' lang='lat' dir='ltr'>inducitur,</span> <span class='ocrx_word' id='word_1_202' title='bbox 778 2375 958 2418; x_wconf 89' lang='lat' dir='ltr'>semper</span> <span class='ocrx_word' id='word_1_203' title='bbox 1001 2364 1128 2405; x_wconf 85' lang='lat' dir='ltr'>adest</span> <span class='ocrx_word' id='word_1_204' title='bbox 1170 2364 1396 2414; x_wconf 81' lang='lat' dir='ltr'>tamquam</span> <span class='ocrx_word' id='word_1_205' title='bbox 1442 2359 1560 2400; x_wconf 89' lang='lat' dir='ltr'>lonis</span> <span class='ocrx_word' id='word_1_206' title='bbox 1603 2360 1739 2411; x_wconf 90' lang='lat' dir='ltr'>pater.</span> 
     </span>
    </p>
   </div>
   <div class='ocr_carea' id='block_1_2' title="bbox 180 2457 462 2462">
    <p class='ocr_par' dir='ltr' id='par_1_6' title="bbox 180 2457 462 2462">
     <span class='ocr_line' id='line_1_28' title="bbox 180 2457 462 2462; baseline 0 0"><span class='ocrx_word' id='word_1_207' title='bbox 180 2457 462 2462; x_wconf 95' lang='lat' dir='ltr'> </span> 
     </span>
    </p>
   </div>
   <div class='ocr_carea' id='block_1_3' title="bbox 154 2513 1182 2557">
    <p class='ocr_par' dir='ltr' id='par_1_7' title="bbox 154 2513 1182 2557">
     <span class='ocr_line' id='line_1_29' title="bbox 154 2513 1182 2557; baseline -0.002 -11"><span class='ocrx_word' id='word_1_208' title='bbox 154 2553 159 2557; x_wconf 19' lang='grc' dir='ltr'>ἱ</span> <span class='ocrx_word' id='word_1_209' title='bbox 222 2514 253 2554; x_wconf 94' lang='lat' dir='ltr'>l)</span> <span class='ocrx_word' id='word_1_210' title='bbox 275 2513 317 2547; x_wconf 82' lang='lat' dir='ltr'>ci.</span> <span class='ocrx_word' id='word_1_211' title='bbox 340 2514 477 2553; x_wconf 85' lang='lat' dir='ltr'>Konon,</span> <span class='ocrx_word' id='word_1_212' title='bbox 501 2514 637 2552; x_wconf 83' lang='lat' dir='ltr'>Hoefer,</span> <span class='ocrx_word' id='word_1_213' title='bbox 662 2514 871 2548; x_wconf 86' lang='lat' dir='ltr'>Greitswald</span> <span class='ocrx_word' id='word_1_214' title='bbox 900 2513 988 2551; x_wconf 85' lang='lat'>1890,</span> <span class='ocrx_word' id='word_1_215' title='bbox 1011 2522 1043 2554; x_wconf 89' lang='lat' dir='ltr'>p.</span> <span class='ocrx_word' id='word_1_216' title='bbox 1066 2513 1106 2544; x_wconf 88' lang='lat'>48</span> <span class='ocrx_word' id='word_1_217' title='bbox 1129 2520 1182 2551; x_wconf 71' lang='lat' dir='ltr'>so.</span> 
     </span>
    </p>
   </div>
   <div class='ocr_carea' id='block_1_4' title="bbox 218 2567 1130 2766">
    <p class='ocr_par' dir='ltr' id='par_1_8' title="bbox 218 2567 654 2609">
     <span class='ocr_line' id='line_1_30' title="bbox 218 2567 654 2609; baseline 0 -9"><span class='ocrx_word' id='word_1_218' title='bbox 218 2567 253 2607; x_wconf 89' lang='lat'>2)</span> <span class='ocrx_word' id='word_1_219' title='bbox 275 2568 526 2609; x_wconf 86' lang='lat' dir='ltr'>Forschungen</span> <span class='ocrx_word' id='word_1_220' title='bbox 550 2568 560 2600; x_wconf 92' lang='lat'>1</span> <span class='ocrx_word' id='word_1_221' title='bbox 587 2568 654 2600; x_wconf 85' lang='lat'>147.</span> 
     </span>
    </p>

    <p class='ocr_par' dir='ltr' id='par_1_9' title="bbox 219 2616 846 2661">
     <span class='ocr_line' id='line_1_31' title="bbox 219 2616 846 2661; baseline 0 -9"><span class='ocrx_word' id='word_1_222' title='bbox 219 2620 254 2661; x_wconf 88' lang='grc'>3)</span> <span class='ocrx_word' id='word_1_223' title='bbox 276 2620 388 2653; x_wconf 72' lang='lat' dir='ltr'>Attica</span> <span class='ocrx_word' id='word_1_224' title='bbox 411 2623 443 2653; x_wconf 89' lang='lat' dir='ltr'>et</span> <span class='ocrx_word' id='word_1_225' title='bbox 465 2616 773 2661; x_wconf 83' lang='lat' dir='ltr'>Peloponnesiaca</span> <span class='ocrx_word' id='word_1_226' title='bbox 800 2621 846 2653; x_wconf 87' lang='grc'>16.</span> 
     </span>
    </p>

    <p class='ocr_par' dir='ltr' id='par_1_10' title="bbox 221 2673 449 2713">
     <span class='ocr_line' id='line_1_32' title="bbox 221 2673 449 2713; baseline 0.004 -8"><span class='ocrx_word' id='word_1_227' title='bbox 221 2673 256 2713; x_wconf 91' lang='grc'>4)</span> <span class='ocrx_word' id='word_1_228' title='bbox 279 2673 321 2706; x_wconf 82' lang='lat' dir='ltr'>cf.</span> <span class='ocrx_word' id='word_1_229' title='bbox 344 2682 376 2713; x_wconf 89' lang='lat' dir='ltr'>p.</span> <span class='ocrx_word' id='word_1_230' title='bbox 399 2674 449 2706; x_wconf 88' lang='lat'>27.</span> 
     </span>
    </p>

    <p class='ocr_par' dir='ltr' id='par_1_11' title="bbox 222 2725 1130 2766">
     <span class='ocr_line' id='line_1_33' title="bbox 222 2725 1130 2766; baseline -0.002 -8"><span class='ocrx_word' id='word_1_231' title='bbox 222 2726 256 2766; x_wconf 88' lang='lat'>5)</span> <span class='ocrx_word' id='word_1_232' title='bbox 280 2727 397 2759; x_wconf 89' lang='lat' dir='ltr'>l-lerod</span> <span class='ocrx_word' id='word_1_233' title='bbox 421 2727 474 2758; x_wconf 90' lang='lat' dir='ltr'>Vll</span> <span class='ocrx_word' id='word_1_234' title='bbox 497 2727 546 2760; x_wconf 84' lang='lat'>94.</span> <span class='ocrx_word' id='word_1_235' title='bbox 570 2727 673 2759; x_wconf 82' lang='lat' dir='ltr'>Paus.</span> <span class='ocrx_word' id='word_1_236' title='bbox 697 2726 750 2758; x_wconf 93' lang='lat' dir='ltr'>Vll</span> <span class='ocrx_word' id='word_1_237' title='bbox 779 2726 803 2759; x_wconf 92' lang='lat' dir='ltr'>l.</span> <span class='ocrx_word' id='word_1_238' title='bbox 828 2725 992 2766; x_wconf 86' lang='lat' dir='ltr'>Apollod.</span> <span class='ocrx_word' id='word_1_239' title='bbox 1018 2726 1027 2757; x_wconf 92' lang='grc' dir='ltr'>Ι</span> <span class='ocrx_word' id='word_1_240' title='bbox 1051 2725 1078 2761; x_wconf 87' lang='grc'>7,</span> <span class='ocrx_word' id='word_1_241' title='bbox 1101 2725 1130 2756; x_wconf 86' lang='grc'>3.</span> 
     </span>
    </p>
   </div>
   <div class='ocr_carea' id='block_1_5' title="bbox 1683 2826 1739 2866">
    <p class='ocr_par' dir='ltr' id='par_1_12' title="bbox 1683 2826 1739 2866">
     <span class='ocr_line' id='line_1_34' title="bbox 1683 2826 1739 2866; baseline 0 0"><span class='ocrx_word' id='word_1_242' title='bbox 1683 2826 1739 2866; x_wconf 81' lang='lat'>49</span> 
     </span>
    </p>
   </div>
  </div>
 </body>
</html>
