2174 3374
744 482 824 522 „ea
857 470 1069 523 (aconita)
1104 470 1310 525 coniugis
1343 472 1440 513 astu

300 544 398 598 ipse
433 554 594 598 parens
623 542 800 597 Aegeus
834 544 937 584 nato
972 543 1168 596 porrexit
1200 544 1245 583 ut
1279 542 1412 584 hosti.

298 612 559 668 Sumpserat
593 614 746 668 ignara
777 613 984 656 Theseus
1018 613 1121 655 data
1155 613 1318 667 pocula
1351 613 1519 662 dextra,

298 696 399 727 cum
434 688 557 739 pater
591 685 634 726 in
669 684 832 738 capulo
866 684 1003 739 gladii
1039 684 1252 738 cognovit
1285 684 1457 726 eburno

299 756 429 810 signa
461 755 530 797 sui
565 755 741 810 generis
773 754 1040 808 facinusque
1074 754 1272 796 excussit
1304 754 1360 795 ab
1394 766 1483 796 ore.

298 825 452 881 effugit
485 825 560 867 illa
593 836 747 867 necem
783 824 963 867 nebulis
996 836 1074 878 per
1108 825 1305 866 carmina
1338 821 1516 866 motis.''

182 895 409 939 Hactenus
442 896 593 938 omnia
625 897 728 949 apte
762 898 804 937 et
837 895 993 937 ordine
1028 897 1229 937 enarrata
1247 897 1375 937 sunt:
1407 893 1604 936 Athenas
1622 894 1742 935 venit

181 967 380 1017 iuvenis;
425 968 549 1020 pater
587 966 750 1008 Medea
784 969 965 1008 auctore
999 977 1176 1007 veneno
1212 977 1311 1007 eum
1348 976 1370 1006 e
1406 965 1555 1007 medio
1589 964 1743 1006 tollere

182 1040 380 1088 conatur,
439 1037 483 1078 in
541 1037 697 1079 ultimo
751 1037 1010 1079 discrimine
1052 1036 1191 1078 filium
1241 1036 1448 1090 agnoscit
1495 1038 1537 1077 et
1584 1038 1743 1085 servat,

180 1108 382 1151 fraudem
415 1108 610 1162 detegit;
645 1107 808 1150 Medea
842 1107 1008 1162 effugit.

240 1178 307 1221 De
340 1181 467 1221 tauro
500 1178 785 1220 Marathonio
816 1177 985 1220 nullum
1017 1177 1202 1219 omnino
1231 1177 1431 1219 verbum.

243 1249 372 1293 Unde
435 1249 614 1292 tandem
677 1249 758 1290 viri
824 1249 959 1296 docti,
1005 1260 1122 1302 quos
1171 1259 1308 1302 supra
1355 1248 1461 1298 dixi,
1505 1248 1746 1290 effecerunt

182 1320 404 1370 Medeam,
469 1321 731 1375 priusquam
795 1320 1072 1362 adolescenti
1137 1330 1358 1361 venenum
1419 1318 1592 1369 obtulit,
1644 1330 1743 1361 eum

183 1393 337 1434 contra
368 1394 542 1434 taurum
576 1390 793 1434 misisse?

241 1462 458 1505 Nimirum
499 1474 522 1505 e
565 1473 630 1505 vs.
664 1462 750 1504 433
779 1473 911 1515 sqq.;
956 1472 1056 1503 nam
1102 1463 1236 1515 poeta
1269 1460 1408 1515 patris
1456 1462 1497 1503 et
1545 1461 1743 1502 omnium

183 1534 348 1577 civium
381 1533 595 1589 gaudium
630 1533 685 1575 de
717 1532 884 1574 Thesei
920 1531 1115 1574 adventu
1150 1534 1283 1585 atque
1320 1532 1463 1573 salute
1483 1531 1745 1574 describens

183 1605 248 1647 sic
284 1604 428 1659 pergit
461 1603 544 1656 (vs.
578 1604 712 1655 430):

362 1675 540 1727 „nullus
574 1675 857 1717 Erechthidis
888 1673 1024 1716 fertur
1057 1673 1321 1715 celebratior
1353 1673 1429 1714 illo

361 1746 565 1789 illuxisse
599 1746 723 1789 dies:
760 1746 929 1801 agitant
961 1745 1172 1787 convivia
1206 1747 1355 1799 patres

362 1820 404 1860 et
435 1818 634 1860 medium
667 1817 830 1872 vulgus
864 1828 945 1859 nec
975 1828 1064 1859 non
1099 1818 1141 1858 et
1173 1816 1370 1857 carmina
1403 1815 1508 1856 vino

361 1889 591 1944 ingenium
624 1888 814 1930 faciente
849 1890 1041 1930 canunt:
1077 1889 1145 1935 ‘te‚
1182 1887 1372 1929 maxime
1405 1885 1600 1936 Theseu,

362 1960 518 2002 mirata
551 1962 618 2002 est
649 1959 885 2002 Marathon
921 1957 1093 2001 Cretaei
1129 1958 1349 2012 sanguine
1382 1958 1508 2008 tauri,

362 2031 578 2084 quodque
611 2031 707 2073 suis
741 2040 926 2072 securus
960 2031 1052 2071 arat
1085 2027 1340 2082 Cromyona
1373 2028 1577 2078 colonus,

362 2112 525 2144 munus
558 2112 767 2155 opusque
801 2103 924 2142 tuum
960 2102 1054 2150 est;
1088 2099 1220 2141 tellus
1255 2098 1498 2152 Epidauria
1534 2110 1612 2153 per
1644 2101 1685 2141 te

362 2172 632 2226 clavigeram
666 2171 777 2213 vidit
808 2170 995 2213 Vulcani
1030 2169 1298 2212 occumbere
1332 2169 1517 2223 prolem,

361 2243 474 2284 vidit
506 2245 548 2285 et
580 2242 780 2284 inmitem
815 2239 1055 2295 Cephisias
1089 2251 1166 2282 ora
1199 2238 1480 2290 Procrusten,

363 2311 610 2368 Cercyonis
643 2313 777 2355 letum
811 2312 923 2354 vidit
955 2309 1156 2354 Cerealis
1195 2310 1390 2353 Eleusin.

363 2384 531 2426 occidit
563 2383 637 2426 ille
672 2381 821 2426 Sinis''
858 2394 895 2425 e.
917 2393 1014 2436 q.s.

246 2455 341 2497 Hoc
377 2456 510 2510 igitur
542 2454 882 2497 concedendum
917 2455 998 2503 est,
1036 2453 1262 2495 Theseum
1297 2455 1468 2494 taurum
1505 2452 1590 2494 iam
1626 2452 1746 2494 occi-

186 2527 323 2578 disse,
371 2527 610 2580 antequam
661 2537 686 2567 a
733 2527 854 2579 patre
889 2525 1067 2579 agnitus
1100 2526 1178 2566 est.
1214 2524 1342 2567 Unde
1385 2526 1530 2565 tamen
1566 2524 1747 2565 minime

186 2598 400 2652 sequitur,
446 2609 546 2639 eum
582 2608 606 2638 a
638 2596 802 2638 Medea
835 2598 987 2637 contra
1020 2597 1191 2636 taurum
1227 2595 1411 2636 missum
1448 2605 1576 2644 esse;
1612 2594 1747 2635 immo

187 2668 230 2710 in
276 2668 651 2722 praecedentibus
695 2670 844 2721 aperte
889 2667 1055 2708 dictum
1102 2669 1168 2708 est
1200 2665 1406 2708 Medeam
1441 2665 1587 2707 statim
1623 2667 1748 2718 post-

1693 2783 1748 2826 65
