<?xml version="1.0" encoding="UTF-8"?>
<!DOCTYPE html PUBLIC "-//W3C//DTD XHTML 1.0 Transitional//EN"
    "http://www.w3.org/TR/xhtml1/DTD/xhtml1-transitional.dtd">
<html xmlns="http://www.w3.org/1999/xhtml" xml:lang="en" lang="en">
 <head>
  <title>
</title>
<meta http-equiv="Content-Type" content="text/html;charset=utf-8" />
  <meta name='ocr-system' content='tesseract 3.04.00' />
  <meta name='ocr-capabilities' content='ocr_page ocr_carea ocr_par ocr_line ocrx_word'/>
</head>
<body>
  <div class='ocr_page' id='page_1' title='image "./erechtheusetthes00schwuoft_0063.png"; bbox 0 0 2174 3374; ppageno 0'>
   <div class='ocr_carea' id='block_1_1' title="bbox 166 519 1734 1497">
    <p class='ocr_par' dir='ltr' id='par_1_1' title="bbox 167 519 1732 1059">
     <span class='ocr_line' id='line_1_1' title="bbox 231 519 1731 577; baseline 0.002 -15"><span class='ocrx_word' id='word_1_1' title='bbox 231 519 327 563; x_wconf 92' lang='lat' dir='ltr'>Huc</span> <span class='ocrx_word' id='word_1_2' title='bbox 371 521 504 576; x_wconf 89' lang='lat' dir='ltr'>igitur</span> <span class='ocrx_word' id='word_1_3' title='bbox 544 521 824 564; x_wconf 83' lang='lat' dir='ltr'>referendum</span> <span class='ocrx_word' id='word_1_4' title='bbox 869 522 1057 573; x_wconf 88' lang='lat' dir='ltr'>videtur,</span> <span class='ocrx_word' id='word_1_5' title='bbox 1102 523 1224 577; x_wconf 93' lang='lat' dir='ltr'>quod</span> <span class='ocrx_word' id='word_1_6' title='bbox 1268 522 1358 574; x_wconf 93' lang='lat' dir='ltr'>Ion,</span> <span class='ocrx_word' id='word_1_7' title='bbox 1403 524 1536 566; x_wconf 91' lang='lat' dir='ltr'>heros</span> <span class='ocrx_word' id='word_1_8' title='bbox 1575 522 1731 565; x_wconf 88' lang='lat' dir='ltr'>Tetra-</span> 
     </span>
     <span class='ocr_line' id='line_1_2' title="bbox 170 591 1732 649; baseline 0.002 -16"><span class='ocrx_word' id='word_1_9' title='bbox 170 591 413 645; x_wconf 87' lang='lat' dir='ltr'>politanus‚</span> <span class='ocrx_word' id='word_1_10' title='bbox 460 591 686 646; x_wconf 85' lang='lat' dir='ltr'>Apollinis</span> <span class='ocrx_word' id='word_1_11' title='bbox 733 592 852 636; x_wconf 84' lang='lat' dir='ltr'>filius</span> <span class='ocrx_word' id='word_1_12' title='bbox 894 593 1039 636; x_wconf 83' lang='lat' dir='ltr'>factus</span> <span class='ocrx_word' id='word_1_13' title='bbox 1072 596 1151 637; x_wconf 89' lang='lat' dir='ltr'>est.</span> <span class='ocrx_word' id='word_1_14' title='bbox 1186 594 1273 636; x_wconf 93' lang='lat' dir='ltr'>Iam</span> <span class='ocrx_word' id='word_1_15' title='bbox 1308 606 1444 649; x_wconf 90' lang='lat' dir='ltr'>supra</span> <span class='ocrx_word' id='word_1_16' title='bbox 1465 592 1497 648; x_wconf 96' lang='lat'>1)</span> <span class='ocrx_word' id='word_1_17' title='bbox 1533 594 1732 636; x_wconf 84' lang='lat' dir='ltr'>diximus</span> 
     </span>
     <span class='ocr_line' id='line_1_3' title="bbox 170 662 1732 720; baseline 0.002 -16"><span class='ocrx_word' id='word_1_18' title='bbox 170 663 284 705; x_wconf 89' lang='lat' dir='ltr'>hanc</span> <span class='ocrx_word' id='word_1_19' title='bbox 312 662 431 705; x_wconf 89' lang='lat' dir='ltr'>Ionis</span> <span class='ocrx_word' id='word_1_20' title='bbox 460 674 560 705; x_wconf 91' lang='lat' dir='ltr'>cum</span> <span class='ocrx_word' id='word_1_21' title='bbox 589 663 799 718; x_wconf 79' lang='lat' dir='ltr'>Apolline</span> <span class='ocrx_word' id='word_1_22' title='bbox 829 665 1265 720; x_wconf 82' lang='lat' dir='ltr'>consanguinitatem</span> <span class='ocrx_word' id='word_1_23' title='bbox 1294 665 1483 708; x_wconf 80' lang='lat' dir='ltr'>fortasse</span> <span class='ocrx_word' id='word_1_24' title='bbox 1504 665 1732 719; x_wconf 82' lang='lat' dir='ltr'>Euripidis</span> 
     </span>
     <span class='ocr_line' id='line_1_4' title="bbox 167 733 1731 791; baseline 0.002 -16"><span class='ocrx_word' id='word_1_25' title='bbox 167 733 503 788; x_wconf 85' lang='lat' dir='ltr'>mythopoeiam</span> <span class='ocrx_word' id='word_1_26' title='bbox 551 735 683 776; x_wconf 91' lang='lat' dir='ltr'>etiam</span> <span class='ocrx_word' id='word_1_27' title='bbox 720 736 998 778; x_wconf 90' lang='lat' dir='ltr'>antecedere.</span> <span class='ocrx_word' id='word_1_28' title='bbox 1035 734 1360 791; x_wconf 85' lang='lat' dir='ltr'>Genealogiam</span> <span class='ocrx_word' id='word_1_29' title='bbox 1391 737 1679 778; x_wconf 88' lang='lat' dir='ltr'>vetustiorem</span> <span class='ocrx_word' id='word_1_30' title='bbox 1702 733 1731 790; x_wconf 83' lang='lat'>²)</span> 
     </span>
     <span class='ocr_line' id='line_1_5' title="bbox 174 805 1732 861; baseline 0.001 -15"><span class='ocrx_word' id='word_1_31' title='bbox 174 826 224 831; x_wconf 91' lang='lat'>——</span> <span class='ocrx_word' id='word_1_32' title='bbox 258 805 304 846; x_wconf 94' lang='lat' dir='ltr'>ut</span> <span class='ocrx_word' id='word_1_33' title='bbox 321 805 518 847; x_wconf 88' lang='lat' dir='ltr'>vidimus</span> <span class='ocrx_word' id='word_1_34' title='bbox 539 828 589 833; x_wconf 90' lang='grc'><strong>-</strong></span> <span class='ocrx_word' id='word_1_35' title='bbox 612 805 1294 861; x_wconf 86' lang='lat' dir='ltr'>praetuleruntAtthidographi,</span> <span class='ocrx_word' id='word_1_36' title='bbox 1314 807 1539 850; x_wconf 88' lang='lat' dir='ltr'>tradentes</span> <span class='ocrx_word' id='word_1_37' title='bbox 1567 807 1732 857; x_wconf 89' lang='lat' dir='ltr'>lonem,</span> 
     </span>
     <span class='ocr_line' id='line_1_6' title="bbox 167 873 1732 930; baseline 0.003 -14"><span class='ocrx_word' id='word_1_38' title='bbox 167 873 329 925; x_wconf 87' lang='lat' dir='ltr'>Xutho,</span> <span class='ocrx_word' id='word_1_39' title='bbox 378 874 687 930; x_wconf 88' lang='lat' dir='ltr'>Tetrapolidis</span> <span class='ocrx_word' id='word_1_40' title='bbox 735 877 986 927; x_wconf 87' lang='lat' dir='ltr'>conditore,</span> <span class='ocrx_word' id='word_1_41' title='bbox 1036 879 1185 919; x_wconf 91' lang='lat' dir='ltr'>natum</span> <span class='ocrx_word' id='word_1_42' title='bbox 1229 877 1493 928; x_wconf 87' lang='lat' dir='ltr'>Erechtheo,</span> <span class='ocrx_word' id='word_1_43' title='bbox 1528 889 1613 920; x_wconf 84' lang='lat' dir='ltr'>avo</span> <span class='ocrx_word' id='word_1_44' title='bbox 1649 889 1732 920; x_wconf 89' lang='lat' dir='ltr'>suo</span> 
     </span>
     <span class='ocr_line' id='line_1_7' title="bbox 169 946 1731 1001; baseline 0.002 -14"><span class='ocrx_word' id='word_1_45' title='bbox 169 947 383 996; x_wconf 89' lang='lat' dir='ltr'>materno,</span> <span class='ocrx_word' id='word_1_46' title='bbox 418 946 521 988; x_wconf 89' lang='lat' dir='ltr'>inde</span> <span class='ocrx_word' id='word_1_47' title='bbox 556 946 725 988; x_wconf 85' lang='lat' dir='ltr'>auxilio</span> <span class='ocrx_word' id='word_1_48' title='bbox 761 947 1095 1001; x_wconf 86' lang='lat' dir='ltr'>properavisse‚</span> <span class='ocrx_word' id='word_1_49' title='bbox 1130 947 1258 990; x_wconf 85' lang='lat' dir='ltr'>cuius</span> <span class='ocrx_word' id='word_1_50' title='bbox 1292 948 1352 990; x_wconf 90' lang='lat' dir='ltr'>rei</span> <span class='ocrx_word' id='word_1_51' title='bbox 1389 948 1431 989; x_wconf 90' lang='lat' dir='ltr'>in</span> <span class='ocrx_word' id='word_1_52' title='bbox 1473 949 1731 990; x_wconf 87' lang='lat' dir='ltr'>memoriam</span> 
     </span>
     <span class='ocr_line' id='line_1_8' title="bbox 168 1015 821 1059; baseline 0.003 -2"><span class='ocrx_word' id='word_1_53' title='bbox 168 1015 439 1058; x_wconf 89' lang='lat' dir='ltr'>Boedromia</span> <span class='ocrx_word' id='word_1_54' title='bbox 473 1017 673 1059; x_wconf 88' lang='lat' dir='ltr'>instituta</span> <span class='ocrx_word' id='word_1_55' title='bbox 707 1027 821 1059; x_wconf 93' lang='lat' dir='ltr'>esse.</span> 
     </span>
    </p>

    <p class='ocr_par' dir='ltr' id='par_1_2' title="bbox 166 1086 1734 1497">
     <span class='ocr_line' id='line_1_9' title="bbox 227 1086 1734 1143; baseline 0.002 -15"><span class='ocrx_word' id='word_1_56' title='bbox 227 1086 348 1129; x_wconf 90' lang='lat' dir='ltr'>Haec</span> <span class='ocrx_word' id='word_1_57' title='bbox 395 1087 549 1129; x_wconf 84' lang='lat' dir='ltr'>fabula</span> <span class='ocrx_word' id='word_1_58' title='bbox 609 1087 779 1129; x_wconf 90' lang='lat' dir='ltr'>indicio</span> <span class='ocrx_word' id='word_1_59' title='bbox 829 1099 930 1130; x_wconf 89' lang='lat' dir='ltr'>esse</span> <span class='ocrx_word' id='word_1_60' title='bbox 982 1090 1143 1142; x_wconf 87' lang='lat' dir='ltr'>potest,</span> <span class='ocrx_word' id='word_1_61' title='bbox 1202 1088 1459 1131; x_wconf 86' lang='lat' dir='ltr'>Boedromii</span> <span class='ocrx_word' id='word_1_62' title='bbox 1509 1088 1734 1143; x_wconf 85' lang='lat' dir='ltr'>Apollinis</span> 
     </span>
     <span class='ocr_line' id='line_1_10' title="bbox 167 1157 1731 1208; baseline 0.001 -8"><span class='ocrx_word' id='word_1_63' title='bbox 167 1157 334 1200; x_wconf 91' lang='lat' dir='ltr'>cultum</span> <span class='ocrx_word' id='word_1_64' title='bbox 385 1158 633 1200; x_wconf 87' lang='lat' dir='ltr'>institutum</span> <span class='ocrx_word' id='word_1_65' title='bbox 684 1169 784 1200; x_wconf 90' lang='lat' dir='ltr'>esse</span> <span class='ocrx_word' id='word_1_66' title='bbox 830 1158 950 1200; x_wconf 90' lang='lat' dir='ltr'>haud</span> <span class='ocrx_word' id='word_1_67' title='bbox 1000 1159 1139 1201; x_wconf 89' lang='lat' dir='ltr'>multo</span> <span class='ocrx_word' id='word_1_68' title='bbox 1182 1161 1283 1201; x_wconf 90' lang='lat' dir='ltr'>ante</span> <span class='ocrx_word' id='word_1_69' title='bbox 1314 1157 1497 1202; x_wconf 88' lang='lat' dir='ltr'>Solonis</span> <span class='ocrx_word' id='word_1_70' title='bbox 1530 1162 1731 1208; x_wconf 86' lang='lat' dir='ltr'>aetatem,</span> 
     </span>
     <span class='ocr_line' id='line_1_11' title="bbox 167 1228 1734 1283; baseline 0.002 -13"><span class='ocrx_word' id='word_1_71' title='bbox 167 1230 410 1283; x_wconf 89' lang='lat' dir='ltr'>postquam</span> <span class='ocrx_word' id='word_1_72' title='bbox 459 1228 717 1283; x_wconf 89' lang='lat' dir='ltr'>Tetrapolis</span> <span class='ocrx_word' id='word_1_73' title='bbox 767 1230 823 1271; x_wconf 89' lang='lat' dir='ltr'>ad</span> <span class='ocrx_word' id='word_1_74' title='bbox 872 1230 1133 1271; x_wconf 88' lang='lat' dir='ltr'>societatem</span> <span class='ocrx_word' id='word_1_75' title='bbox 1176 1229 1495 1272; x_wconf 88' lang='lat' dir='ltr'>Atheniensem</span> <span class='ocrx_word' id='word_1_76' title='bbox 1541 1231 1734 1273; x_wconf 87' lang='lat' dir='ltr'>accessit</span> 
     </span>
     <span class='ocr_line' id='line_1_12' title="bbox 167 1299 1732 1356; baseline 0.001 -15"><span class='ocrx_word' id='word_1_77' title='bbox 167 1301 301 1353; x_wconf 91' lang='lat' dir='ltr'>atque</span> <span class='ocrx_word' id='word_1_78' title='bbox 345 1301 449 1342; x_wconf 91' lang='lat' dir='ltr'>tunc</span> <span class='ocrx_word' id='word_1_79' title='bbox 493 1299 749 1354; x_wconf 91' lang='lat' dir='ltr'>Apollinem</span> <span class='ocrx_word' id='word_1_80' title='bbox 796 1299 1116 1342; x_wconf 87' lang='lat' dir='ltr'>Boedromium</span> <span class='ocrx_word' id='word_1_81' title='bbox 1151 1299 1324 1343; x_wconf 91' lang='lat' dir='ltr'>Dianae</span> <span class='ocrx_word' id='word_1_82' title='bbox 1357 1300 1597 1356; x_wconf 84' lang='lat' dir='ltr'>Agroterae</span> <span class='ocrx_word' id='word_1_83' title='bbox 1633 1313 1732 1344; x_wconf 88' lang='lat' dir='ltr'>esse</span> 
     </span>
     <span class='ocr_line' id='line_1_13' title="bbox 166 1367 1732 1425; baseline 0.001 -13"><span class='ocrx_word' id='word_1_84' title='bbox 166 1371 442 1413; x_wconf 88' lang='lat' dir='ltr'>adiunctum.</span> <span class='ocrx_word' id='word_1_85' title='bbox 462 1367 498 1425; x_wconf 77' lang='grc'>3)</span> <span class='ocrx_word' id='word_1_86' title='bbox 542 1369 827 1424; x_wconf 87' lang='lat' dir='ltr'>Quamquam</span> <span class='ocrx_word' id='word_1_87' title='bbox 875 1372 984 1414; x_wconf 89' lang='lat' dir='ltr'>haec</span> <span class='ocrx_word' id='word_1_88' title='bbox 1024 1372 1231 1425; x_wconf 87' lang='lat' dir='ltr'>quaestio</span> <span class='ocrx_word' id='word_1_89' title='bbox 1265 1374 1332 1414; x_wconf 88' lang='lat' dir='ltr'>est</span> <span class='ocrx_word' id='word_1_90' title='bbox 1364 1371 1642 1423; x_wconf 80' lang='lat' dir='ltr'>difficillima,</span> <span class='ocrx_word' id='word_1_91' title='bbox 1677 1373 1732 1415; x_wconf 92' lang='lat' dir='ltr'>de</span> 
     </span>
     <span class='ocr_line' id='line_1_14' title="bbox 167 1441 1543 1497; baseline 0.001 -14"><span class='ocrx_word' id='word_1_92' title='bbox 167 1452 256 1494; x_wconf 91' lang='lat' dir='ltr'>qua</span> <span class='ocrx_word' id='word_1_93' title='bbox 288 1452 419 1496; x_wconf 86' lang='lat' dir='ltr'>agere</span> <span class='ocrx_word' id='word_1_94' title='bbox 455 1441 639 1496; x_wconf 89' lang='lat' dir='ltr'>longum</span> <span class='ocrx_word' id='word_1_95' title='bbox 676 1443 742 1484; x_wconf 88' lang='lat' dir='ltr'>est</span> <span class='ocrx_word' id='word_1_96' title='bbox 776 1443 818 1484; x_wconf 90' lang='lat' dir='ltr'>et</span> <span class='ocrx_word' id='word_1_97' title='bbox 851 1441 906 1484; x_wconf 87' lang='lat' dir='ltr'>ab</span> <span class='ocrx_word' id='word_1_98' title='bbox 942 1443 1026 1484; x_wconf 92' lang='lat' dir='ltr'>hoc</span> <span class='ocrx_word' id='word_1_99' title='bbox 1063 1443 1298 1497; x_wconf 87' lang='lat' dir='ltr'>proposito</span> <span class='ocrx_word' id='word_1_100' title='bbox 1332 1442 1543 1485; x_wconf 89' lang='lat' dir='ltr'>alienum.</span> 
     </span>
    </p>
   </div>
   <div class='ocr_carea' id='block_1_2' title="bbox 163 1581 1731 2205">
    <p class='ocr_par' dir='ltr' id='par_1_3' title="bbox 163 1581 1731 2205">
     <span class='ocr_line' id='line_1_15' title="bbox 226 1581 1730 1638; baseline 0 -11"><span class='ocrx_word' id='word_1_101' title='bbox 226 1583 376 1628; x_wconf 78' lang='lat' dir='ltr'>Restat</span> <span class='ocrx_word' id='word_1_102' title='bbox 408 1585 454 1625; x_wconf 91' lang='lat' dir='ltr'>ut</span> <span class='ocrx_word' id='word_1_103' title='bbox 486 1583 783 1626; x_wconf 89' lang='lat' dir='ltr'>observemus</span> <span class='ocrx_word' id='word_1_104' title='bbox 817 1584 938 1638; x_wconf 92' lang='lat' dir='ltr'>apud</span> <span class='ocrx_word' id='word_1_105' title='bbox 973 1583 1233 1638; x_wconf 85' lang='lat' dir='ltr'>Euripidem</span> <span class='ocrx_word' id='word_1_106' title='bbox 1267 1584 1308 1626; x_wconf 91' lang='lat' dir='ltr'>in</span> <span class='ocrx_word' id='word_1_107' title='bbox 1342 1581 1502 1635; x_wconf 78' lang='lat' dir='ltr'>„lone”</span> <span class='ocrx_word' id='word_1_108' title='bbox 1534 1584 1730 1627; x_wconf 89' lang='lat' dir='ltr'>Xuthum</span> 
     </span>
     <span class='ocr_line' id='line_1_16' title="bbox 166 1652 1730 1710; baseline 0 -14"><span class='ocrx_word' id='word_1_109' title='bbox 166 1653 222 1696; x_wconf 91' lang='lat' dir='ltr'>ab</span> <span class='ocrx_word' id='word_1_110' title='bbox 270 1653 519 1696; x_wconf 89' lang='lat' dir='ltr'>Erechtheo</span> <span class='ocrx_word' id='word_1_111' title='bbox 569 1665 753 1709; x_wconf 85' lang='lat' dir='ltr'>regnum</span> <span class='ocrx_word' id='word_1_112' title='bbox 808 1655 1017 1709; x_wconf 89' lang='lat' dir='ltr'>accipere</span> <span class='ocrx_word' id='word_1_113' title='bbox 1066 1652 1146 1708; x_wconf 89' lang='lat' dir='ltr'>(vs.</span> <span class='ocrx_word' id='word_1_114' title='bbox 1195 1655 1294 1705; x_wconf 89' lang='lat'>578,</span> <span class='ocrx_word' id='word_1_115' title='bbox 1342 1652 1444 1710; x_wconf 83' lang='grc'>660)</span> <span class='ocrx_word' id='word_1_116' title='bbox 1494 1658 1534 1697; x_wconf 90' lang='lat' dir='ltr'>et</span> <span class='ocrx_word' id='word_1_117' title='bbox 1581 1655 1730 1697; x_wconf 90' lang='lat' dir='ltr'>Ionem</span> 
     </span>
     <span class='ocr_line' id='line_1_17' title="bbox 164 1723 1731 1780; baseline 0.002 -14"><span class='ocrx_word' id='word_1_118' title='bbox 164 1723 312 1767; x_wconf 90' lang='lat' dir='ltr'>Xutho</span> <span class='ocrx_word' id='word_1_119' title='bbox 355 1725 600 1768; x_wconf 89' lang='lat' dir='ltr'>succedere</span> <span class='ocrx_word' id='word_1_120' title='bbox 652 1727 739 1775; x_wconf 81' lang='lat' dir='ltr'>(vs,</span> <span class='ocrx_word' id='word_1_121' title='bbox 783 1726 883 1776; x_wconf 86' lang='lat'><strong>578,</strong></span> <span class='ocrx_word' id='word_1_122' title='bbox 938 1723 1261 1780; x_wconf 88' lang='lat'>1571—1575).</span> <span class='ocrx_word' id='word_1_123' title='bbox 1312 1725 1432 1777; x_wconf 88' lang='lat' dir='ltr'>Quid</span> <span class='ocrx_word' id='word_1_124' title='bbox 1481 1728 1627 1769; x_wconf 90' lang='lat' dir='ltr'>autem</span> <span class='ocrx_word' id='word_1_125' title='bbox 1676 1727 1731 1769; x_wconf 92' lang='lat' dir='ltr'>de</span> 
     </span>
     <span class='ocr_line' id='line_1_18' title="bbox 166 1795 1730 1852; baseline 0.001 -14"><span class='ocrx_word' id='word_1_126' title='bbox 166 1795 400 1839; x_wconf 87' lang='lat' dir='ltr'>Erechthei</span> <span class='ocrx_word' id='word_1_127' title='bbox 444 1796 537 1838; x_wconf 81' lang='lat' dir='ltr'>filio</span> <span class='ocrx_word' id='word_1_128' title='bbox 581 1797 670 1847; x_wconf 77' lang='lat' dir='ltr'>fiat,</span> <span class='ocrx_word' id='word_1_129' title='bbox 715 1809 804 1839; x_wconf 91' lang='lat' dir='ltr'>non</span> <span class='ocrx_word' id='word_1_130' title='bbox 850 1799 974 1839; x_wconf 89' lang='lat' dir='ltr'>curat</span> <span class='ocrx_word' id='word_1_131' title='bbox 1007 1799 1154 1852; x_wconf 90' lang='lat' dir='ltr'>poeta,</span> <span class='ocrx_word' id='word_1_132' title='bbox 1190 1808 1464 1851; x_wconf 91' lang='lat' dir='ltr'>quamquam</span> <span class='ocrx_word' id='word_1_133' title='bbox 1498 1798 1596 1851; x_wconf 92' lang='lat' dir='ltr'>ipse</span> <span class='ocrx_word' id='word_1_134' title='bbox 1630 1809 1730 1840; x_wconf 91' lang='lat' dir='ltr'>eum</span> 
     </span>
     <span class='ocr_line' id='line_1_19' title="bbox 165 1865 1730 1922; baseline 0.001 -13"><span class='ocrx_word' id='word_1_135' title='bbox 165 1868 393 1920; x_wconf 90' lang='lat' dir='ltr'>tamquam</span> <span class='ocrx_word' id='word_1_136' title='bbox 453 1878 601 1922; x_wconf 88' lang='lat' dir='ltr'>regem</span> <span class='ocrx_word' id='word_1_137' title='bbox 659 1867 852 1910; x_wconf 83' lang='lat' dir='ltr'>futurum</span> <span class='ocrx_word' id='word_1_138' title='bbox 913 1868 1148 1910; x_wconf 87' lang='lat' dir='ltr'>induxerat</span> <span class='ocrx_word' id='word_1_139' title='bbox 1196 1868 1238 1909; x_wconf 92' lang='lat' dir='ltr'>in</span> <span class='ocrx_word' id='word_1_140' title='bbox 1290 1865 1581 1919; x_wconf 80' lang='lat' dir='ltr'>„Erechthei”</span> <span class='ocrx_word' id='word_1_141' title='bbox 1629 1869 1730 1911; x_wconf 84' lang='lat' dir='ltr'>fine.</span> 
     </span>
     <span class='ocr_line' id='line_1_20' title="bbox 166 1937 1730 1993; baseline 0.001 -14"><span class='ocrx_word' id='word_1_142' title='bbox 166 1937 396 1980; x_wconf 91' lang='lat' dir='ltr'>Eiusmodi</span> <span class='ocrx_word' id='word_1_143' title='bbox 443 1938 775 1993; x_wconf 90' lang='lat' dir='ltr'>discrepantias</span> <span class='ocrx_word' id='word_1_144' title='bbox 817 1939 859 1980; x_wconf 90' lang='lat' dir='ltr'>in</span> <span class='ocrx_word' id='word_1_145' title='bbox 905 1941 1039 1992; x_wconf 89' lang='lat' dir='ltr'>poeta</span> <span class='ocrx_word' id='word_1_146' title='bbox 1077 1939 1404 1993; x_wconf 90' lang='lat' dir='ltr'>reprehendere</span> <span class='ocrx_word' id='word_1_147' title='bbox 1453 1941 1519 1981; x_wconf 87' lang='lat' dir='ltr'>est</span> <span class='ocrx_word' id='word_1_148' title='bbox 1553 1941 1730 1993; x_wconf 90' lang='lat' dir='ltr'>poetam</span> 
     </span>
     <span class='ocr_line' id='line_1_21' title="bbox 165 2009 1731 2065; baseline 0.001 -14"><span class='ocrx_word' id='word_1_149' title='bbox 165 2021 321 2064; x_wconf 91' lang='lat' dir='ltr'>parum</span> <span class='ocrx_word' id='word_1_150' title='bbox 357 2009 628 2065; x_wconf 87' lang='lat' dir='ltr'>intellegere.</span> <span class='ocrx_word' id='word_1_151' title='bbox 663 2009 789 2060; x_wconf 88' lang='lat' dir='ltr'>Quae</span> <span class='ocrx_word' id='word_1_152' title='bbox 825 2010 1006 2052; x_wconf 91' lang='lat' dir='ltr'>licentia</span> <span class='ocrx_word' id='word_1_153' title='bbox 1039 2013 1186 2052; x_wconf 91' lang='lat' dir='ltr'>tamen</span> <span class='ocrx_word' id='word_1_154' title='bbox 1216 2011 1457 2052; x_wconf 88' lang='lat' dir='ltr'>historicos</span> <span class='ocrx_word' id='word_1_155' title='bbox 1486 2012 1527 2052; x_wconf 91' lang='lat' dir='ltr'>et</span> <span class='ocrx_word' id='word_1_156' title='bbox 1555 2010 1731 2064; x_wconf 91' lang='lat' dir='ltr'>mytho-</span> 
     </span>
     <span class='ocr_line' id='line_1_22' title="bbox 164 2080 1727 2135; baseline -0.001 -12"><span class='ocrx_word' id='word_1_157' title='bbox 164 2081 363 2135; x_wconf 87' lang='lat' dir='ltr'>graphos</span> <span class='ocrx_word' id='word_1_158' title='bbox 395 2080 598 2132; x_wconf 86' lang='lat' dir='ltr'>dedecet,</span> <span class='ocrx_word' id='word_1_159' title='bbox 635 2081 712 2134; x_wconf 93' lang='lat' dir='ltr'>qui</span> <span class='ocrx_word' id='word_1_160' title='bbox 747 2081 852 2123; x_wconf 91' lang='lat' dir='ltr'>inde</span> <span class='ocrx_word' id='word_1_161' title='bbox 886 2081 942 2123; x_wconf 93' lang='lat' dir='ltr'>ab</span> <span class='ocrx_word' id='word_1_162' title='bbox 977 2081 1206 2123; x_wconf 88' lang='lat' dir='ltr'>Herodoto</span> <span class='ocrx_word' id='word_1_163' title='bbox 1240 2081 1330 2123; x_wconf 93' lang='lat' dir='ltr'>loni</span> <span class='ocrx_word' id='word_1_164' title='bbox 1367 2080 1513 2123; x_wconf 86' lang='lat' dir='ltr'>locum</span> <span class='ocrx_word' id='word_1_165' title='bbox 1543 2081 1727 2135; x_wconf 85' lang='lat' dir='ltr'>dignum</span> 
     </span>
     <span class='ocr_line' id='line_1_23' title="bbox 163 2150 1728 2205; baseline 0 -12"><span class='ocrx_word' id='word_1_166' title='bbox 163 2151 414 2194; x_wconf 89' lang='lat' dir='ltr'>concedere</span> <span class='ocrx_word' id='word_1_167' title='bbox 458 2151 620 2194; x_wconf 90' lang='lat' dir='ltr'>sedulo</span> <span class='ocrx_word' id='word_1_168' title='bbox 659 2151 926 2194; x_wconf 89' lang='lat' dir='ltr'>studuerunt</span> <span class='ocrx_word' id='word_1_169' title='bbox 959 2152 1198 2195; x_wconf 88' lang='lat' dir='ltr'>statuendo</span> <span class='ocrx_word' id='word_1_170' title='bbox 1232 2163 1332 2194; x_wconf 91' lang='lat' dir='ltr'>eum</span> <span class='ocrx_word' id='word_1_171' title='bbox 1368 2151 1559 2205; x_wconf 91' lang='lat' dir='ltr'>primum</span> <span class='ocrx_word' id='word_1_172' title='bbox 1593 2150 1728 2194; x_wconf 92' lang='lat' dir='ltr'>Athe-</span> 
     </span>
    </p>
   </div>
   <div class='ocr_carea' id='block_1_3' title="bbox 164 2261 447 2269">
    <p class='ocr_par' dir='ltr' id='par_1_4' title="bbox 164 2261 447 2269">
     <span class='ocr_line' id='line_1_24' title="bbox 164 2261 447 2269; baseline 0 0"><span class='ocrx_word' id='word_1_173' title='bbox 164 2261 447 2269; x_wconf 95' lang='lat' dir='ltr'> </span> 
     </span>
    </p>
   </div>
   <div class='ocr_carea' id='block_1_4' title="bbox 160 2337 1729 2761">
    <p class='ocr_par' dir='ltr' id='par_1_5' title="bbox 162 2337 1729 2496">
     <span class='ocr_line' id='line_1_25' title="bbox 162 2337 1728 2386; baseline 0.001 -15"><span class='ocrx_word' id='word_1_174' title='bbox 162 2337 243 2372; x_wconf 85' lang='grc' dir='ltr'>Καὶ</span> <span class='ocrx_word' id='word_1_175' title='bbox 282 2339 384 2372; x_wconf 78' lang='grc' dir='ltr'><strong><em>ἔστιν</em></strong></span> <span class='ocrx_word' id='word_1_176' title='bbox 422 2340 646 2384; x_wconf 80' lang='grc' dir='ltr'><strong><em>ἱεροσκοπία</em></strong></span> <span class='ocrx_word' id='word_1_177' title='bbox 684 2343 746 2383; x_wconf 76' lang='grc' dir='ltr'>τῆς</span> <span class='ocrx_word' id='word_1_178' title='bbox 783 2340 856 2384; x_wconf 80' lang='grc' dir='ltr'>μὲν</span> <span class='ocrx_word' id='word_1_179' title='bbox 893 2340 947 2382; x_wconf 79' lang='grc' dir='ltr'>εἰς</span> <span class='ocrx_word' id='word_1_180' title='bbox 986 2338 1161 2385; x_wconf 80' lang='grc' dir='ltr'><strong><em>Δελφοὺς</em></strong></span> <span class='ocrx_word' id='word_1_181' title='bbox 1198 2338 1365 2385; x_wconf 76' lang='grc' dir='ltr'><em>θεωρίας</em></span> <span class='ocrx_word' id='word_1_182' title='bbox 1400 2341 1441 2373; x_wconf 75' lang='grc' dir='ltr'>ἐν</span> <span class='ocrx_word' id='word_1_183' title='bbox 1467 2343 1513 2383; x_wconf 83' lang='grc' dir='ltr'>τῷ</span> <span class='ocrx_word' id='word_1_184' title='bbox 1541 2341 1582 2373; x_wconf 79' lang='grc' dir='ltr'>ἐν</span> <span class='ocrx_word' id='word_1_185' title='bbox 1612 2339 1728 2386; x_wconf 82' lang='grc' dir='ltr'>Οἰνόῃ</span> 
     </span>
     <span class='ocr_line' id='line_1_26' title="bbox 162 2395 1729 2443; baseline 0.002 -13"><span class='ocrx_word' id='word_1_186' title='bbox 162 2395 319 2440; x_wconf 79' lang='grc' dir='ltr'><em>Πυθίῳ,</em></span> <span class='ocrx_word' id='word_1_187' title='bbox 346 2401 409 2442; x_wconf 82' lang='grc' dir='ltr'>τῆς</span> <span class='ocrx_word' id='word_1_188' title='bbox 436 2397 475 2431; x_wconf 81' lang='grc' dir='ltr'>δὲ</span> <span class='ocrx_word' id='word_1_189' title='bbox 500 2399 555 2440; x_wconf 84' lang='grc' dir='ltr'>εἰς</span> <span class='ocrx_word' id='word_1_190' title='bbox 582 2397 722 2442; x_wconf 77' lang='grc' dir='ltr'><em>Δῆλον,</em></span> <span class='ocrx_word' id='word_1_191' title='bbox 750 2399 791 2431; x_wconf 82' lang='grc' dir='ltr'>ἐν</span> <span class='ocrx_word' id='word_1_192' title='bbox 816 2402 864 2442; x_wconf 83' lang='grc' dir='ltr'>τῷ</span> <span class='ocrx_word' id='word_1_193' title='bbox 892 2400 932 2431; x_wconf 81' lang='grc' dir='ltr'>ἐν</span> <span class='ocrx_word' id='word_1_194' title='bbox 958 2398 1177 2443; x_wconf 57' lang='grc' dir='ltr'><strong><em>ὒῙαραθῶνι</em></strong></span> <span class='ocrx_word' id='word_1_195' title='bbox 1206 2398 1371 2443; x_wconf 70' lang='grc' dir='ltr'><em>Δηλιίρ.”</em></span> <span class='ocrx_word' id='word_1_196' title='bbox 1408 2398 1552 2438; x_wconf 84' lang='lat' dir='ltr'>Corrige</span> <span class='ocrx_word' id='word_1_197' title='bbox 1579 2400 1653 2432; x_wconf 82' lang='grc' dir='ltr'>τὸν</span> <span class='ocrx_word' id='word_1_198' title='bbox 1679 2401 1729 2432; x_wconf 81' lang='grc' dir='ltr'>ἐν</span> 
     </span>
     <span class='ocr_line' id='line_1_27' title="bbox 162 2448 1104 2496; baseline 0.003 -14"><span class='ocrx_word' id='word_1_199' title='bbox 162 2453 216 2495; x_wconf 75' lang='grc' dir='ltr'>τῇ</span> <span class='ocrx_word' id='word_1_200' title='bbox 247 2448 408 2496; x_wconf 74' lang='grc' dir='ltr'><em>Οἰνόῃ</em></span> <span class='ocrx_word' id='word_1_201' title='bbox 433 2452 465 2483; x_wconf 75' lang='lat' dir='ltr'>et</span> <span class='ocrx_word' id='word_1_202' title='bbox 488 2452 541 2484; x_wconf 82' lang='grc' dir='ltr'>ἐν</span> <span class='ocrx_word' id='word_1_203' title='bbox 567 2455 627 2494; x_wconf 80' lang='grc' dir='ltr'>τῷ</span> <span class='ocrx_word' id='word_1_204' title='bbox 656 2453 697 2485; x_wconf 79' lang='grc' dir='ltr'>ἐν</span> <span class='ocrx_word' id='word_1_205' title='bbox 722 2450 883 2496; x_wconf 72' lang='grc' dir='ltr'><em>Μἀραθ.</em></span> <span class='ocrx_word' id='word_1_206' title='bbox 914 2451 1104 2496; x_wconf 76' lang='grc' dir='ltr'><strong><em>Δηλίῳ.</em></strong></span> 
     </span>
    </p>

    <p class='ocr_par' dir='ltr' id='par_1_6' title="bbox 205 2508 419 2549">
     <span class='ocr_line' id='line_1_28' title="bbox 205 2508 419 2549; baseline 0.009 -10"><span class='ocrx_word' id='word_1_207' title='bbox 205 2508 236 2548; x_wconf 86' lang='grc'>1)</span> <span class='ocrx_word' id='word_1_208' title='bbox 259 2517 288 2541; x_wconf 94' lang='lat' dir='ltr'>v.</span> <span class='ocrx_word' id='word_1_209' title='bbox 313 2517 345 2549; x_wconf 85' lang='lat' dir='ltr'>p.</span> <span class='ocrx_word' id='word_1_210' title='bbox 368 2509 419 2541; x_wconf 90' lang='lat'>44.</span> 
     </span>
    </p>

    <p class='ocr_par' dir='ltr' id='par_1_7' title="bbox 160 2561 1728 2708">
     <span class='ocr_line' id='line_1_29' title="bbox 203 2561 1728 2603; baseline 0.002 -10"><span class='ocrx_word' id='word_1_211' title='bbox 203 2561 237 2601; x_wconf 91' lang='lat'>2)</span> <span class='ocrx_word' id='word_1_212' title='bbox 260 2561 329 2594; x_wconf 90' lang='lat' dir='ltr'>lam</span> <span class='ocrx_word' id='word_1_213' title='bbox 363 2563 398 2594; x_wconf 89' lang='lat' dir='ltr'>in</span> <span class='ocrx_word' id='word_1_214' title='bbox 422 2562 584 2603; x_wconf 88' lang='lat' dir='ltr'>catalogo</span> <span class='ocrx_word' id='word_1_215' title='bbox 608 2562 753 2595; x_wconf 87' lang='lat' dir='ltr'>Hesiodi</span> <span class='ocrx_word' id='word_1_216' title='bbox 779 2563 897 2595; x_wconf 91' lang='lat' dir='ltr'>lonem</span> <span class='ocrx_word' id='word_1_217' title='bbox 922 2564 1099 2603; x_wconf 87' lang='lat' dir='ltr'>tamquam</span> <span class='ocrx_word' id='word_1_218' title='bbox 1127 2563 1229 2595; x_wconf 88' lang='lat' dir='ltr'>Xuthi</span> <span class='ocrx_word' id='word_1_219' title='bbox 1255 2563 1363 2595; x_wconf 82' lang='lat' dir='ltr'>filium</span> <span class='ocrx_word' id='word_1_220' title='bbox 1388 2563 1505 2595; x_wconf 86' lang='lat' dir='ltr'>locum</span> <span class='ocrx_word' id='word_1_221' title='bbox 1529 2563 1728 2596; x_wconf 82' lang='lat' dir='ltr'>obtinuisse</span> 
     </span>
     <span class='ocr_line' id='line_1_30' title="bbox 160 2614 1725 2656; baseline 0.001 -10"><span class='ocrx_word' id='word_1_222' title='bbox 160 2614 389 2653; x_wconf 80' lang='lat' dir='ltr'>probabiliter</span> <span class='ocrx_word' id='word_1_223' title='bbox 412 2616 563 2648; x_wconf 88' lang='lat' dir='ltr'>coniecit</span> <span class='ocrx_word' id='word_1_224' title='bbox 586 2615 647 2648; x_wconf 85' lang='lat' dir='ltr'>Ed.</span> <span class='ocrx_word' id='word_1_225' title='bbox 678 2615 806 2655; x_wconf 82' lang='lat' dir='ltr'>Meyer,</span> <span class='ocrx_word' id='word_1_226' title='bbox 831 2617 971 2648; x_wconf 84' lang='lat' dir='ltr'>Forsch.</span> <span class='ocrx_word' id='word_1_227' title='bbox 994 2625 1023 2648; x_wconf 91' lang='lat' dir='ltr'>z.</span> <span class='ocrx_word' id='word_1_228' title='bbox 1053 2617 1143 2648; x_wconf 88' lang='lat' dir='ltr'>alten</span> <span class='ocrx_word' id='word_1_229' title='bbox 1169 2616 1296 2650; x_wconf 84' lang='lat' dir='ltr'>Gesch.</span> <span class='ocrx_word' id='word_1_230' title='bbox 1322 2617 1330 2648; x_wconf 95' lang='lat' dir='ltr'>l</span> <span class='ocrx_word' id='word_1_231' title='bbox 1355 2625 1386 2656; x_wconf 89' lang='lat' dir='ltr'>p.</span> <span class='ocrx_word' id='word_1_232' title='bbox 1414 2617 1470 2648; x_wconf 86' lang='lat'>144</span> <span class='ocrx_word' id='word_1_233' title='bbox 1494 2624 1545 2656; x_wconf 85' lang='lat' dir='ltr'>sq.</span> <span class='ocrx_word' id='word_1_234' title='bbox 1570 2616 1725 2649; x_wconf 88' lang='lat' dir='ltr'>Eandem</span> 
     </span>
     <span class='ocr_line' id='line_1_31' title="bbox 161 2668 1408 2708; baseline 0.002 -10"><span class='ocrx_word' id='word_1_235' title='bbox 161 2668 406 2707; x_wconf 87' lang='lat' dir='ltr'>genealogiam</span> <span class='ocrx_word' id='word_1_236' title='bbox 431 2670 607 2708; x_wconf 84' lang='lat' dir='ltr'>praeterea</span> <span class='ocrx_word' id='word_1_237' title='bbox 631 2670 730 2701; x_wconf 86' lang='lat' dir='ltr'>tradit</span> <span class='ocrx_word' id='word_1_238' title='bbox 755 2669 881 2701; x_wconf 85' lang='lat' dir='ltr'>Herod.</span> <span class='ocrx_word' id='word_1_239' title='bbox 906 2669 959 2701; x_wconf 92' lang='lat' dir='ltr'>Vll</span> <span class='ocrx_word' id='word_1_240' title='bbox 982 2669 1031 2706; x_wconf 85' lang='lat'>94,</span> <span class='ocrx_word' id='word_1_241' title='bbox 1056 2669 1121 2701; x_wconf 90' lang='lat' dir='ltr'>Vlll</span> <span class='ocrx_word' id='word_1_242' title='bbox 1145 2669 1194 2706; x_wconf 86' lang='lat'>44,</span> <span class='ocrx_word' id='word_1_243' title='bbox 1218 2670 1275 2701; x_wconf 86' lang='lat' dir='ltr'>alii</span> <span class='ocrx_word' id='word_1_244' title='bbox 1302 2670 1408 2701; x_wconf 86' lang='lat' dir='ltr'>multi.</span> 
     </span>
    </p>

    <p class='ocr_par' dir='ltr' id='par_1_8' title="bbox 201 2719 888 2761">
     <span class='ocr_line' id='line_1_32' title="bbox 201 2719 888 2761; baseline 0.003 -10"><span class='ocrx_word' id='word_1_245' title='bbox 201 2719 235 2759; x_wconf 88' lang='grc'>3)</span> <span class='ocrx_word' id='word_1_246' title='bbox 258 2720 468 2759; x_wconf 80' lang='lat' dir='ltr'>Mommsen,</span> <span class='ocrx_word' id='word_1_247' title='bbox 493 2722 644 2754; x_wconf 88' lang='lat' dir='ltr'>Heortol.</span> <span class='ocrx_word' id='word_1_248' title='bbox 668 2722 703 2753; x_wconf 86' lang='lat'>51</span> <span class='ocrx_word' id='word_1_249' title='bbox 730 2729 793 2761; x_wconf 79' lang='lat' dir='ltr'>sq,</span> <span class='ocrx_word' id='word_1_250' title='bbox 817 2722 888 2754; x_wconf 86' lang='lat'><strong>213.</strong></span> 
     </span>
    </p>
   </div>
   <div class='ocr_carea' id='block_1_5' title="bbox 1665 2832 1714 2874">
    <p class='ocr_par' dir='ltr' id='par_1_9' title="bbox 1665 2832 1714 2874">
     <span class='ocr_line' id='line_1_33' title="bbox 1665 2832 1714 2874; baseline 0 0"><span class='ocrx_word' id='word_1_251' title='bbox 1665 2832 1714 2874; x_wconf 83' lang='lat'>51</span> 
     </span>
    </p>
   </div>
  </div>
 </body>
</html>
