2174 3374
155 498 386 542 apparere,
420 488 496 542 qui
532 488 712 531 nonnisi
748 490 974 543 tamquam
1011 501 1158 532 earum
1206 492 1329 544 pater
1361 491 1521 533 adesse
1557 492 1714 545 possit.

155 557 288 609 Quod
323 558 359 600 si
389 558 449 600 ita
482 569 529 601 se
563 559 711 609 habet,
745 560 953 603 videmus
996 560 1112 604 filias
1156 559 1375 616 Cecropis
1407 564 1448 605 et
1482 562 1714 605 Erechthei

155 629 192 671 si
227 640 317 671 non
351 629 407 671 ab
442 629 634 684 Hygino,
668 633 711 672 at
743 633 860 673 certe
892 632 934 673 in
964 643 1070 674 vase
1090 632 1270 675 laudato
1290 633 1401 675 inter
1419 644 1466 676 se
1486 633 1715 677 confundi.

212 699 331 742 Idem
376 700 573 754 denique
616 700 782 743 factum
828 704 895 744 est
938 703 981 744 in
1025 703 1203 745 scholio
1238 704 1292 745 ad
1326 703 1536 758 Apollon.
1572 703 1712 748 Rhod.

154 770 182 821 l,
200 771 301 822 21],
320 770 395 813 ubi
416 771 607 825 primum
629 775 1004 815 commemoratur
1022 772 1245 827 Ὠρείθυια
1265 773 1496 828 Ἐρεχθέως
1512 777 1714 830 θυγάτηρ,

153 843 196 884 at
223 841 359 896 paulo
389 844 492 896 post
520 842 711 897 legimus
740 843 783 885 in
804 843 962 885 eodem
983 844 1422 898 scholiozKe'xQoecog
1440 846 1483 885 δὲ
1500 846 1713 899 Κρέουσα,

153 911 390 966 Ὠρείθυιαᾶ
424 913 623 967 Πρόκρις.

211 980 357 1037 Saepe
394 983 527 1038 igitur
559 981 840 1038 Cecropidas
869 986 911 1026 et
939 983 1234 1028 Erechthidas
1264 986 1425 1028 alteras
1451 997 1531 1040 pro
1567 987 1715 1029 alteris

151 1053 417 1097 substitutas
462 1065 562 1097 esse
602 1044 802 1097 'vidimus
846 1067 992 1109 neque
1043 1056 1263 1105 miramur,
1317 1057 1542 1111 siquidem
1588 1058 1715 1111 ipsos

151 1127 300 1180 patres
334 1122 585 1180 Cecropem
620 1128 661 1168 et
694 1125 991 1169 Erechtheum
1038 1127 1082 1169 in
1117 1128 1305 1170 historia
1338 1127 1528 1171 fabulari
1566 1131 1714 1183 partes

151 1195 389 1250 parallelas
423 1196 572 1251 egisse
607 1197 844 1240 notissima
878 1209 948 1240 res
981 1200 1059 1240 est.

209 1337 553 1389 Praeiudicium‚
598 1339 721 1393 quod
767 1339 810 1381 in
856 1339 1133 1394 praefatione
1168 1340 1222 1383 de
1256 1340 1712 1396 Atthidographorum

149 1409 376 1453 scribendi
420 1410 590 1452 ratione
635 1411 1026 1464 pronuntiavimus
1072 1411 1114 1453 in
1160 1410 1394 1454 Erechthei
1430 1413 1565 1466 mythi
1600 1416 1713 1456 trac-

149 1481 316 1524 tatione
350 1492 557 1535 magnam
593 1483 709 1524 certe
745 1484 916 1536 partem
951 1481 1217 1524 affirmatum
1254 1482 1476 1525 videmus.

209 1551 343 1594 Heroi
389 1552 629 1607 indigenae
673 1552 863 1607 eiusque
908 1552 1028 1595 bello
1064 1565 1144 1607 pro
1181 1554 1323 1607 patria
1357 1565 1456 1596 cum
1491 1554 1712 1609 Eumolpo

137 1624 276 1678 'gesto
319 1622 520 1665 debitum
563 1623 812 1666 tribuerunt
855 1624 1088 1666 honorem.
1133 1622 1417 1678 Quamquam
1462 1625 1505 1667 in
1539 1637 1714 1668 summa

148 1693 345 1736 fabulam
394 1694 511 1736 sicut
557 1705 582 1736 a
631 1694 879 1737 maioribus
928 1695 1087 1736 tradita
1135 1697 1225 1736 erat
1274 1695 1317 1736 in
1361 1696 1564 1738 Atthides
1607 1708 1713 1740 suas

149 1767 425 1819 receperunt,
470 1765 506 1807 si
552 1765 721 1819 patriae
765 1765 907 1820 gloria
951 1764 1210 1819 postulabat
1242 1765 1311 1807 vel
1346 1766 1382 1808 si
1418 1766 1569 1820 aliqua
1602 1768 1712 1810 ratio

148 1835 207 1877 ita
248 1834 432 1886 ferebat,
476 1836 674 1890 mythum
719 1835 950 1890 paululum
986 1838 1154 1878 mutare
1194 1839 1267 1878 aut
1300 1837 1590 1880 mutationem
1625 1839 1710 1881 iam

147 1918 172 1949 a
215 1908 348 1961 poeta
395 1906 593 1961 quodam
637 1907 785 1949 aliove
828 1910 1009 1949 auctore
1055 1907 1301 1950 institutam
1338 1908 1381 1949 in
1416 1919 1546 1951 usum
1581 1920 1710 1953 suum

148 1978 406 2020 convertere
439 1977 622 2020 minime
655 1978 825 2033 gravati
861 1980 977 2021 sunt.

207 2046 280 2092 Sic
312 2048 510 2092 vidimus
543 2060 622 2092 eos
655 2052 780 2104 grato
814 2050 965 2091 animo
1000 2050 1243 2104 arripuisse
1277 2049 1546 2101 facultatem,
1576 2063 1709 2106 quam

147 2120 213 2162 eis
261 2119 489 2175 Euripidis
537 2121 766 2176 ingenium
816 2121 1052 2171 obtulerat,
1103 2121 1396 2163 abolescendi
1449 2123 1708 2165 memoriam

146 2190 251 2233 belli
286 2191 394 2233 olim
428 2191 540 2234 inter
572 2190 870 2234 Athenienses
909 2194 950 2234 et
989 2191 1246 2234 Eleusinios
1279 2192 1391 2247 gesti
1427 2195 1468 2234 et
1500 2192 1707 2248 Eumolpi

147 2260 477 2304 Eleusiniorum
511 2261 640 2304 ducis
674 2262 729 2304 ab
759 2261 1007 2304 Erechtheo
1038 2262 1260 2317 profligati
1291 2265 1332 2304 et
1361 2263 1518 2314 necati,
1538 2275 1709 2306 memo-

146 2331 254 2374 riam
297 2331 540 2374 Eleusiniis
583 2332 722 2374 sociis
766 2334 807 2374 et
844 2333 1017 2383 amicis,
1062 2333 1170 2386 quin
1217 2344 1359 2387 paene
1403 2333 1549 2375 dicam
1599 2346 1709 2376 con-

147 2391 326 2445 civibus
362 2403 472 2454 suis,
505 2403 711 2445 odiosam
747 2406 789 2445 et
822 2403 1100 2445 unanimitati
1135 2403 1304 2446 Atticae
1339 2403 1558 2447 intestam.

204 2473 507 2516 Intelleximus
550 2485 629 2516 eos
672 2486 821 2516 amore
867 2474 1036 2528 patriae
1071 2477 1112 2516 et
1147 2474 1371 2517 Laconum
1407 2475 1513 2517 odio
1547 2476 1707 2519 ductos

145 2544 352 2587 ardenter
394 2545 721 2600 propagavisse
763 2544 977 2595 fabulam,
1021 2546 1212 2599 primum
1251 2546 1371 2599 apud
1406 2544 1705 2600 Phrynichum

145 2614 341 2666 obviam,
375 2615 645 2658 indicantem
682 2615 1020 2669 Hyacinthides,
1055 2627 1170 2669 quae
1211 2614 1397 2659 Athenis
1430 2616 1706 2669 colebantur,

146 2697 236 2728 non
271 2685 507 2740 Hyacinthi
543 2684 765 2741 Spartani,
800 2687 880 2729 sed
916 2687 1151 2729 Erechthei
1184 2687 1300 2729 filias
1333 2687 1486 2730 fuisse.

1649 2807 1704 2849 37
