2174 3374
439 522 572 574 Quod
616 521 896 576 apertissime
941 522 1156 562 testantur
1199 518 1449 561 Pausaniae
1492 517 1628 560 verba
1660 513 1803 569 (l.l.):
1848 519 1996 568 ἀφικο-

438 596 552 645 μένῳ
587 593 630 632 δὲ
663 596 702 639 ἐς
735 596 804 631 τὸν
836 592 1046 642 Αἰγιαλὸν
1077 595 1146 630 καὶ
1175 594 1391 642 οἰκήσαντι
1410 592 1520 641 αὐτῷ
1537 592 1616 640 μὲν
1633 590 1792 639 ἐγένετο
1811 588 2000 626 ἐνταῦθα

439 668 465 714 ἡ
498 665 677 714 τελευτή,
712 667 792 701 τῶν
824 662 867 701 δὲ
901 665 938 701 οἳ
972 661 1138 701 παίδων
1171 672 1207 702 e.
1243 672 1285 713 q.
1320 671 1354 702 S.

441 733 485 775 ln
518 732 750 788 Aegialum
783 732 917 781 venit,
953 731 1028 773 ubi
1064 731 1173 772 nihil
1209 731 1299 785 agit
1332 730 1418 772 nisi
1454 731 1639 771 mortem
1674 727 1813 770 obire.

500 804 651 857 Itaque
695 803 838 845 sicubi
872 802 1047 844 Xuthus
1081 802 1310 844 habitasse
1346 801 1522 851 dicitur,
1557 800 1706 841 Ionem
1741 798 1801 840 ibi
1835 797 2001 840 cultum

440 875 581 917 fuisse
624 874 728 916 inde
772 873 946 915 efficere
991 873 1107 915 licet.
1148 872 1355 914 Facimus
1390 872 1522 926 igitur
1554 882 1653 912 cum
1688 868 1947 918 Kirchnero,
1967 866 2004 921 1)

443 946 519 999 qui
549 946 635 987 iam
655 945 740 987 sibi
761 946 1046 998 persuaserat
1063 943 1339 998 Tetrapolim
1359 953 1509 984 veram
1529 941 1648 983 lonis
1665 939 1795 982 Attici
1817 939 2003 994 patriam

442 1017 582 1059 tuisse
616 1016 770 1070 ibique
804 1015 1057 1057 Ionidarum
1093 1015 1271 1056 demum
1309 1013 1569 1068 ponendum
1600 1023 1715 1054 esse.
1744 1011 1874 1053 Iones
1892 1010 2006 1052 anti-

444 1088 596 1141 quitus
652 1086 929 1140 Tetrapolim
989 1085 1235 1128 incoluisse
1295 1083 1454 1127 Strabo
1504 1094 1687 1137 quoque
1735 1081 1880 1132 tradit,
1930 1080 2005 1134 qui

443 1157 679 1200 Aristotele
731 1158 911 1198 auctore
961 1159 1107 1198 narrat
1153 1157 1309 1203 ’Ἴωνας
1350 1159 1442 1203 τοὺς
1475 1158 1519 1195 ἐκ
1551 1170 1618 1207 της
1651 1150 1834 1205 Ἀττικῆς
1872 1167 2006 1205 τετρα-

444 1231 608 1276 πόλεως
642 1227 906 1269 Heraclidas
937 1226 1081 1281 Argos
1115 1227 1353 1268 comitatos
1388 1236 1501 1268 esse.
1523 1221 1556 1274 2)

505 1299 623 1341 Idem
659 1298 930 1340 Kirchnerus
963 1298 1059 1340 sine
1094 1297 1234 1340 dubio
1264 1297 1356 1338 iure
1387 1295 1710 1338 demonstravit
1736 1294 1885 1336 Ionem
1905 1293 2008 1335 ideo

445 1369 670 1423 Apollinis
703 1369 842 1410 filium
878 1368 1044 1410 dictum
1081 1378 1194 1418 esse,
1231 1379 1329 1409 cum
1368 1367 1490 1409 nulla
1522 1366 1691 1408 Atticae
1732 1364 1854 1419 regio
1887 1365 2008 1405 tanto

446 1440 670 1495 Apollinis
728 1440 847 1482 cultu
908 1439 1146 1481 excelleret
1207 1439 1376 1492 quanto
1426 1436 1696 1491 Tetrapolis.
1758 1433 1900 1479 Cuius
1948 1434 2009 1476 rei

447 1512 578 1567 signa
626 1511 849 1566 quaedam
899 1511 1045 1552 adhuc
1095 1510 1282 1552 indicari
1334 1510 1539 1563 possunt.
1591 1506 1663 1550 Sic
1706 1505 2012 1560 Tetrapolidis

448 1584 582 1625 herOS
630 1582 834 1624 Maratho
883 1579 973 1634 (vel
1018 1580 1283 1632 Marathus),
1328 1583 1404 1633 ἀφ’
1438 1583 1487 1620 οὗ
1531 1584 1583 1631 τῷ
1627 1579 1744 1631 δήμῳ
1788 1582 1831 1618 τὸ
1873 1580 2012 1629 ὄνομά

448 1651 596 1707 ἐστι,3)
640 1654 761 1707 apud
806 1651 990 1695 Suidam
1035 1652 1261 1707 Apollinis
1304 1651 1423 1693 filius
1467 1650 1604 1700 audit,
1638 1660 1672 1692 S.
1692 1661 1732 1691 V.
1767 1650 2009 1703 ΒῙαραθών·

448 1728 572 1772 τόπος
605 1723 833 1777 Ἀθήνησιν
866 1728 951 1764 ἀπὸ
984 1724 1207 1777 ΒῙαράθου
1245 1727 1336 1763 υἱοῦ
1371 1720 1665 1769 Ἀπόλλωνος.

507 1794 733 1849 Apollinis
767 1794 884 1836 Delii
919 1794 1135 1848 templum
1170 1794 1434 1835 Marathone
1467 1791 1622 1841 fuisse,
1657 1791 1700 1833 in
1750 1802 1841 1844 quo
1881 1790 2012 1831 haru-

450 1866 627 1920 spicina
661 1866 754 1908 fieri
789 1865 977 1916 solebat,
1013 1865 1224 1919 quotiens
1257 1864 1428 1906 theoria
1446 1862 1620 1917 Delum
1655 1864 1745 1904 erat
1784 1861 2012 1911 mittenda,

451 1938 583 1979 docet
617 1935 928 1979 Philochorus.
948 1934 984 1990 4)

496 2095 525 2134 l)
549 2094 612 2126 Att.
637 2096 669 2126 et
692 2093 811 2134 Pelop.
842 2094 887 2126 16.

491 2148 525 2187 2)
549 2148 675 2180 Strabo
697 2147 766 2179 Vlll
789 2147 860 2178 374.

492 2201 525 2240 3)
549 2201 653 2233 Paus.
678 2200 687 2231 1
710 2200 759 2237 32,
784 2201 818 2237 4;
843 2199 884 2231 cf.
909 2199 972 2231 Att.
997 2201 1028 2231 et
1051 2198 1122 2230 Pel.
1145 2198 1195 2230 55.

493 2255 526 2293 4)
550 2254 588 2286 fr.
614 2254 672 2286 158
695 2267 735 2280 z
758 2253 874 2286 Schol.
900 2253 1007 2292 Soph.
1032 2252 1072 2285 O.
1097 2251 1134 2284 C.
1172 2251 1269 2283 1047:
1294 2250 1409 2296 Λέγοι
1439 2250 1519 2283 δ’ἰὶν
1546 2250 1578 2293 (0‘
1606 2248 1828 2295 Σοφοκλῆς)
1859 2248 2017 2291 Πυθίας

452 2307 566 2349 ἀκτὰς
594 2307 656 2339 τόν
682 2310 745 2340 τοῦ
772 2305 931 2339 Πυθίου
959 2304 1213 2346 Ἀπόλλωνος
1239 2305 1370 2349 βωμὸν
1408 2304 1458 2336 τὸ
1476 2317 1495 2336 ν
1529 2305 1581 2336 ἐν
1615 2307 1673 2346 τῷ
1700 2301 2016 2347 ΠΙαραθῶνι,

453 2365 548 2399 ὅθεν
586 2366 649 2398 καὶ
688 2366 754 2409 τὴν
788 2364 958 2409 θεωρίαν
984 2365 1169 2408 ἔπεμπον.
1196 2362 1358 2408 Ἱστορεῖ
1382 2363 1469 2407 περὶ
1497 2363 1637 2395 τούτων
1668 2360 1882 2406 Φιλόχορος
1907 2362 1949 2394 ἐν
1975 2364 2016 2406 τῇ

458 2423 693 2468 Τετραπόλει
728 2424 886 2469 γράφων
920 2424 1046 2465 οὕτως·
1073 2421 1217 2464 ,,·”Ὀταν
1245 2421 1284 2454 δὲ
1310 2425 1449 2466 σημεῖα
1476 2422 1627 2466 γένηται
1654 2419 1946 2465 παραδεδομένα
1976 2421 2017 2452 ἐν

455 2486 530 2524 τοῖς
557 2485 683 2527 ἱεροῖς,
710 2484 789 2516 τότε
815 2481 1101 2516 ἀποστέλλουσι
1136 2482 1202 2525 τὴν
1233 2479 1405 2525 θεωρίαν
1440 2482 1475 2513 οἱ
1503 2481 1543 2513 ἐκ
1571 2483 1634 2513 τοῦ
1661 2480 1806 2524 γένους,
1831 2477 2017 2511 Πυθίαὸα

455 2542 517 2574 καὶ
546 2541 731 2586 Δηλιάδα,
759 2543 920 2586 ὁποτέρα
947 2542 994 2574 ἂν
1022 2539 1174 2585 καθήκῃ
1201 2540 1340 2582 αὐτοῖς.
1371 2538 1460 2573 Θὺει
1489 2538 1528 2571 δὲ
1555 2540 1573 2571 ὁ
1600 2538 1745 2583 μάντις,
1773 2539 1862 2571 ὅταν
1887 2538 1960 2582 μὲν
1975 2537 2017 2570 τὰ

455 2601 509 2642 εἰ,Ί
549 2599 723 2645 Δελφοὺς
761 2601 944 2644 πόμπιμα
985 2601 1148 2643 γένηται,
1184 2599 1245 2632 καὶ
1280 2597 1427 2643 θεωρία
1466 2599 1673 2642 πέμπῃ-ται,
1713 2598 1753 2629 ἐν
1784 2595 1900 2641 Οἰνόῃ
1927 2594 2018 2629 καθ’

456 2659 618 2702 ἑκάστην
655 2660 801 2704 ἡμέραν
825 2661 864 2691 ἐν
890 2663 937 2702 τῷ
966 2657 1118 2701 Πυθίῳ
1147 2659 1181 2691 εἰ
1209 2657 1247 2690 δὲ
1272 2659 1327 2699 εἰς
1354 2656 1483 2701 Δῆλον
1508 2655 1785 2689 ἀποστέλλοιτο
1812 2658 1832 2699 ἡ
1862 2654 2020 2700 θεωρία,

458 2718 548 2750 κατὰ
579 2718 618 2750 τὰ
646 2719 905 2762 ,τροειρῃμένα
935 2717 1018 2750 θύει
1050 2719 1068 2749 ὁ
1095 2717 1228 2761 μάντις
1255 2717 1324 2758 εἷς
1362 2716 1405 2748 τὸ
1434 2717 1481 2748 ἐν
1510 2713 1790 2759 ,Παραθῶνι
1820 2713 2021 2759 Δήλιον.

459 2825 516 2867 50
