2174 3374
494 522 573 556 τῶν
614 521 768 570 χειρῶν
810 518 951 555 αὐτοῦ.
998 515 1156 568 Θησεὺς
1188 516 1231 555 δὲ
1271 517 1609 569 ἀναγνωρισθεὶς
1641 520 1693 567 Τῷ
1726 521 1847 570 πατρὶ
1883 521 1953 555 καὶ
1986 520 2058 567 τὴν

493 588 729 638 ἐπιβουλὴν
759 587 918 637 μαθὼν
951 587 1129 636 ἐξέβαλε
1163 590 1234 637 τὴν
1268 586 1477 637 ΣΙῙήόειαν.

552 655 758 698 Theseus
783 655 914 710 igitur
942 657 987 698 ut
1017 655 1125 697 alter
1142 655 1516 709 Bellerophontes
1537 655 1726 710 primum
1748 655 1790 697 in
1811 657 2055 698 monstrum

493 727 706 769 invictum
750 726 945 777 mittitur,
992 726 1109 768 unde
1155 737 1208 768 ne
1254 725 1408 768 salvus
1446 726 1620 777 rediret,
1657 726 1840 768 minime
1874 726 2058 769 timebat

493 797 669 839 Medea.

610 872 691 920 ,,τῷ
725 866 759 906 δ’
795 865 860 921 ἄρ’
896 870 1169 921 ἀνερχομένῳ
1202 871 1381 908 πυκινὸν
1414 867 1545 907 δόλον
1577 868 1718 907 ἄλλον
1751 866 1935 920 ὕφαινε”

492 940 624 992 atque
659 949 834 980 veneno
869 949 967 979 eum
1003 949 1161 980 necare
1196 940 1395 980 conatur.

551 1009 695 1064 Vulgo
715 1011 860 1051 tamen
880 1009 1064 1051 traditur
1081 1032 1137 1036 —
1157 1020 1192 1051 e.
1213 1021 1252 1064 g.
1274 1020 1298 1051 a
1317 1007 1603 1059 Plutarcho¹>
1623 1011 1665 1050 et
1683 1019 1707 1050 a
1727 1006 1930 1050 Diodoro
1946 1005 1980 1059 2)
2003 1031 2055 1036 -

492 1079 732 1129 Theseum,
778 1081 1018 1133 postquam
1064 1080 1150 1121 iam
1195 1091 1219 1121 a
1263 1081 1385 1133 patre
1419 1080 1598 1134 agnitus
1633 1081 1699 1121 est
1733 1080 1774 1121 et
1807 1078 1969 1120 Medea
2003 1089 2057 1120 ex

492 1151 600 1192 urbe
645 1149 829 1204 aufugit,
874 1152 1036 1204 sponte
1081 1150 1137 1191 ad
1182 1152 1353 1192 taurum
1400 1149 1754 1191 interficiendum
1806 1148 2056 1203 profectum

493 1232 593 1263 esse
627 1222 760 1274 atque
794 1231 893 1262 eum
927 1219 1124 1274 Apollini
1159 1219 1406 1274 Delphinio
1441 1220 1759 1262 immolavisse.

552 1291 672 1333 Illam
730 1280 984 1333 Versionem
1043 1291 1299 1333 inusitatam
1348 1294 1482 1344 atque
1532 1290 1818 1345 singularem,
1867 1302 1921 1332 ex
1969 1301 2058 1344 qua

492 1362 669 1418 Aegeus
702 1362 864 1404 Medea
897 1364 1077 1404 auctore
1111 1361 1499 1404 adulescentulum
1530 1362 1730 1416 ignotum
1749 1361 2057 1403 Marathonem

494 1434 635 1485 mittit,
671 1431 885 1476 Ovidium
920 1432 1119 1484 (Metam.
1155 1432 1223 1474 Vll
1257 1432 1511 1484 404—452)
1546 1443 1729 1486 quoque
1775 1431 2056 1486 praetulisse,

493 1507 734 1559 praeeunte
768 1503 939 1546 Naekio
960 1501 993 1555 3)
1028 1503 1364 1548 ¹contenderunt
1397 1503 1634 1545 Michaelis
1653 1501 1687 1554 4)
1731 1505 1773 1544 et
1811 1502 2006 1558 Wagner
2024 1501 2057 1554 ᾗ)

493 1588 574 1618 nec
609 1588 697 1617 non
732 1575 791 1616 M.
829 1574 977 1629 l-laupt
1010 1575 1053 1616 in
1083 1574 1280 1616 editione
1310 1573 1489 1616 Metam.
1521 1573 1814 1616 Ehwaldiana
1832 1576 2003 1624 octava,
2023 1572 2057 1625 G)

493 1658 609 1701 quos
653 1657 811 1688 omnes
854 1645 987 1700 longe
1031 1657 1055 1687 a
1099 1656 1204 1687 vero
1249 1645 1321 1687 hic
1366 1644 1598 1687 aberrasse
1643 1645 1749 1686 mihi
1792 1655 2056 1698 persuasum

493 1720 571 1760 est.
601 1717 735 1768 Quod
765 1719 810 1759 ut
838 1716 938 1758 aliis
969 1715 1170 1770 probem,
1201 1716 1391 1770 primum
1422 1713 1575 1758 Ovidii
1596 1716 1787 1758 narratio
1807 1716 2058 1758 accuratius

493 1788 777 1843 inspicienda
811 1788 904 1838 erit,
940 1798 1055 1841 quae
1091 1787 1250 1840 incipit
1283 1786 1338 1828 ab
1373 1786 1497 1829 hisce
1531 1786 1682 1829 verbis
1704 1784 1770 1839 τ);

613 1859 821 1913 „lamque
854 1859 1006 1900 aderat
1038 1857 1258 1908 Theseus,
1295 1857 1445 1911 proles
1481 1857 1634 1912 ignara
1668 1858 1854 1912 parenti,

611 1931 686 1984 qui
721 1930 879 1972 virtute
915 1940 995 1971 sua
1028 1929 1244 1970 bimarem
1281 1930 1520 1982 pacaverat
1553 1928 1779 1971 Isthmon:

610 2001 742 2043 huius
775 2001 819 2042 in
856 2000 1039 2042 exitium
1076 1999 1235 2041 miscet
1269 1998 1444 2050 Medea,
1480 1999 1604 2053 quod
1639 1999 1744 2041 olim

611 2072 815 2115 attulerat
848 2082 1000 2113 secum
1038 2068 1260 2124 Scythicis
1293 2070 1504 2112 aconiton
1540 2070 1595 2112 ab
1630 2067 1765 2112 oris.''

492 2143 760 2197 (sequuntur
797 2142 847 2184 12
880 2152 1038 2184 versus
1073 2141 1127 2183 de
1162 2141 1325 2183 aconiti
1362 2141 1533 2195 origine
1569 2143 1609 2183 et
1633 2140 1856 2192 nomine);
1891 2140 2056 2182 deinde

493 2217 626 2269 poeta
660 2214 804 2269 pergit
837 2225 901 2256 vs.
934 2213 1047 2255 419:

536 2409 566 2449 1)
589 2417 619 2440 v.
642 2409 750 2441 Thes.
775 2415 802 2440 c.
829 2408 875 2439 14.

532 2462 566 2501 2)
589 2461 628 2493 lV
651 2461 700 2494 59.

532 2515 565 2554 3)
590 2514 794 2547 Callimachi
821 2513 947 2545 Hecale
970 2511 1118 2552 (Opusc.
1142 2511 1181 2550 ll)
1205 2519 1237 2550 p.
1260 2510 1330 2542 205.

532 2568 566 2607 4)
589 2567 772 2599 Archaeol.
795 2566 868 2605 Ztg.
894 2564 982 2600 1877.
1006 2573 1037 2604 p.
1061 2564 1101 2596 76
1125 2566 1156 2596 et
1182 2563 1269 2601 1885,
1293 2572 1324 2603 p.
1348 2563 1417 2594 282.

533 2621 566 2659 5)
591 2620 751 2660 Epitoma
776 2619 940 2652 Vaticana
964 2617 1072 2657 (Lips.
1099 2617 1191 2656 1891)
1214 2625 1246 2656 p.
1273 2616 1339 2647 124.

534 2673 568 2712 6)
593 2674 626 2705 ln
651 2674 769 2705 adnot.
792 2673 835 2704 ad
860 2680 910 2703 vs.
933 2671 1003 2702 434.

534 2725 567 2764 7)
591 2726 671 2758 Met.
696 2725 748 2758 Vll
772 2724 842 2757 404.

494 2829 551 2871 64
