2174 3374
464 531 804 581 πολεμουμένοις
865 526 1115 580 Ἀθηναίοις
1181 529 1258 566 ὑπὸ
1316 527 1553 577 Εὐμόλπου
1611 529 1682 565 ῖοῦ
1739 525 2023 575 Ποσειδῶνος,

464 599 720 642 Eleusinios
768 598 991 648 omittenS,
1041 608 1158 651 quos
1207 597 1559 638 commemorant
1608 595 1767 649 reliqui
1817 596 2024 637 auctores

465 670 557 712 iere
590 680 760 711 omnes.

523 740 658 791 Quod
701 742 847 782 autem
898 737 1137 792 Euripides
1187 737 1431 778 remedium
1482 737 1524 778 in
1574 736 1821 778 Erechtheo
1873 735 2025 778 fabula

464 812 715 855 adhibitum
749 810 821 852 hic
851 809 961 851 satis
990 820 1077 850 non
1108 807 1277 859 habuit,
1307 807 1387 850 sed
1408 807 1573 849 bellum
1595 818 1778 862 prorsus
1798 807 2024 849 diversum

465 895 544 937 pro
580 881 810 924 Eleusinio
843 879 1088 929 substituit,
1125 879 1227 921 inde
1261 879 1390 932 sequi
1425 878 1613 928 videtur,
1648 879 1693 920 ut
1723 878 1841 920 fama
1868 878 2025 920 lonis

464 965 564 996 cum
609 952 842 994 Erechthei
887 951 1034 1005 copiis
1079 949 1347 1004 Eumolpum
1390 949 1621 992 fundentis
1654 949 1881 1003 Euripidis
1914 951 2023 991 tem-

465 1023 653 1078 poribus
686 1023 800 1065 adeo
836 1023 921 1064 iam
958 1021 1312 1076 percrebruisset
1343 1019 1789 1074 Atheniensibusque
1817 1021 1904 1061 tam
1924 1031 2026 1061 cara

464 1096 597 1144 esset,
618 1092 646 1148 1)
690 1096 735 1135 ut
779 1095 911 1147 poeta
954 1093 1070 1134 hunc
1115 1092 1330 1133 honorem
1365 1090 1457 1132 loni
1493 1091 1663 1144 eripere
1699 1093 1741 1132 et
1771 1089 1919 1132 Xutho
1952 1101 2025 1132 as-

465 1166 642 1220 signare
686 1176 775 1206 non
816 1174 956 1206 ausus
1000 1164 1078 1213 sit;
1124 1174 1259 1216 quam
1294 1162 1591 1204 offensionem
1625 1162 1780 1204 vitavit
1811 1161 2024 1216 fingendo

463 1236 657 1279 Xuthum
691 1235 780 1278 alio
815 1235 857 1276 in
892 1234 1012 1277 bello
1047 1233 1296 1275 Erechtheo
1330 1244 1463 1287 opem
1498 1233 1668 1275 tulisse.

522 1305 613 1350 Cur
646 1306 931 1361 potissimum
969 1302 1356 1347 Chalcodontidas
1388 1303 1597 1358 selegerit
1631 1327 1684 1332 —
1720 1315 1810 1357 quo
1844 1303 2025 1346 nomine

465 1378 567 1421 inde
611 1378 668 1420 ab
703 1377 896 1419 Homero
947 1375 1000 1427 (Β
1034 1374 1137 1427 541)
1171 1374 1386 1417 Euboeae
1422 1374 1596 1416 incolae
1631 1374 1923 1430 designantur
1953 1398 2024 1425 —-,

466 1450 610 1503 primo
654 1450 840 1503 aspectu
885 1458 968 1489 nos
1011 1445 1164 1501 fugere
1199 1446 1386 1488 videtur.
1422 1443 1510 1488 Sed
1546 1446 1693 1499 ipsum
1728 1447 1905 1500 poetam
1940 1445 2025 1488 hoc

463 1520 630 1563 bellum
665 1531 754 1561 non
789 1518 1120 1573 excogitavisse
1154 1518 1195 1559 et
1229 1517 1314 1558 iam
1344 1518 1473 1558 antea
1506 1515 1703 1558 fabulam
1724 1517 1950 1570 quandam
1971 1517 2026 1558 de

463 1591 583 1634 bello
629 1591 740 1633 inter
781 1589 978 1632 Athenas
1022 1590 1063 1631 et
1107 1587 1336 1630 Euboeam
1378 1589 1507 1642 gesto
1552 1587 1777 1630 exstitisse
1811 1587 2026 1630 credibile

463 1664 542 1704 est.
586 1660 718 1703 Aliud
761 1660 1002 1714 vestigium
1048 1659 1181 1701 huius
1223 1658 1401 1700 fabulae
1445 1658 1737 1712 deprehendo
1772 1659 1815 1700 in
1849 1657 2026 1700 scholio

463 1732 692 1787 Apollonii
714 1731 875 1776 Rhodii
895 1728 971 1784 (ad
993 1730 1004 1772 1
1024 1741 1089 1772 vs.
1109 1727 1199 1783 97),
1230 1729 1304 1771 ubi
1331 1729 1523 1784 legimus
1540 1729 1771 1779 Alconem,
1791 1728 2025 1771 Erechthei

462 1804 616 1854 tilium,
661 1815 761 1845 cum
805 1800 1057 1856 Chalciopa
1099 1801 1190 1842 filia
1228 1812 1310 1843 sua
1345 1801 1388 1842 in
1424 1800 1653 1843 Euboeam
1687 1800 1858 1856 fugisse
1892 1803 2026 1855 atque

462 1879 721 1925 ἐξαιτοῦντος
768 1879 839 1914 τοῦ
886 1877 1042 1926 πατρὸς
1089 1875 1165 1912 οὐκ
1212 1872 1408 1911 ἐκδοῦναι
1457 1877 1549 1919 τοὺς
1596 1872 1851 1919 Χαλκιδέας.
1901 1871 2025 1913 Hanc

463 1945 792 1988 recusationem
822 1943 990 1986 bellum
1020 1943 1132 1984 inter
1158 1941 1355 1984 Athenas
1383 1944 1424 1984 et
1452 1941 1681 1984 Euboeam
1702 1943 2026 1996 procreavisse,

462 2017 593 2060 facile
637 2019 783 2059 mente
826 2014 1074 2069 suppletur.
1119 2012 1303 2056 Chalcis
1347 2013 1433 2055 iam
1484 2024 1601 2055 anno
1634 2013 1720 2055 507
1754 2013 1809 2055 ab
1842 2012 2027 2056 Atheni-

463 2088 650 2131 ensibus
693 2086 882 2130 subacta
925 2087 1039 2133 erat3
1085 2085 1235 2138 itaque
1279 2084 1470 2126 fortasse
1514 2084 1623 2126 haec
1657 2083 1809 2126 fabula
1841 2085 2026 2138 antiqua

463 2160 723 2203 memoriam
751 2160 950 2200 veterum
979 2156 1253 2199 simultatum
1284 2156 1396 2198 inter
1428 2156 1542 2198 duas
1575 2156 1779 2198 civitates
1813 2156 2024 2198 continet.

522 2232 620 2285 lpse
679 2240 863 2284 quoque
921 2227 1241 2281 Tetrapolidis,
1300 2226 1433 2269 Xuthi
1495 2227 1633 2281 regni,
1653 2223 1684 2277 2>
1742 2227 1856 2269 situs
1915 2227 2027 2270 inter

462 2301 658 2345 Athenas
692 2303 733 2344 et
767 2299 995 2342 Euboeam
1043 2297 1301 2352 Euripidem
1346 2297 1556 2340 inducere
1591 2297 1748 2351 potuit,
1782 2299 1827 2339 ut
1860 2295 2026 2340 Chal-

463 2385 484 2415 c
500 2385 526 2415 o
542 2374 568 2415 d
583 2384 609 2414 o
626 2385 651 2414 n
665 2374 680 2413 t
695 2371 705 2413 i
721 2372 748 2414 d
761 2382 785 2413 a
798 2382 819 2413 s
837 2369 1205 2418 Atheniensibus,
1225 2367 1358 2411 Xuthi
1378 2368 1545 2410 auxilio
1565 2368 1732 2411 bellum
1752 2368 2025 2423 gerentibus,

463 2445 728 2498 opponeret.

506 2576 536 2615 l)
565 2575 693 2607 Totum
726 2574 817 2606 enim
850 2572 1024 2612 Apollinis
1055 2571 1257 2603 Boedromii
1282 2571 1411 2602 cultum
1436 2570 1483 2602 ob
1508 2570 1595 2602 hanc
1620 2578 1723 2610 opem
1749 2571 1791 2602 ab
1817 2571 1896 2602 lone
1921 2571 2024 2603 latam

464 2629 656 2661 institutum
681 2635 760 2660 esse
795 2626 1000 2662 credebant;
1030 2625 1186 2656 videatur
1220 2625 1353 2664 praeter
1384 2623 1632 2655 Philochorum
1659 2624 1678 2655 l.
1703 2624 1722 2655 l.
1747 2624 1968 2664 Pherecydes
1993 2624 2026 2655 in

464 2682 497 2713 F.
522 2682 560 2713 Η.
585 2681 625 2714 G.
650 2690 681 2720 p.
705 2680 754 2712 99.

504 2735 536 2773 2)
561 2743 589 2766 ν.
614 2742 645 2773 p.
670 2733 709 2765 49
733 2741 783 2772 sq.

462 2837 519 2879 46
