2174 3374
501 472 736 516 Persarum
770 474 1042 516 exercitibus
1075 473 1393 528 classibusque
1432 474 1672 517 debellatis
1704 474 2004 518 Athenienses

446 544 682 586 immortali
718 544 860 598 gloria
894 544 996 586 elati
1030 547 1072 586 et
1105 556 1208 586 mox
1242 545 1379 587 totius
1408 542 1628 587 Graeciae
1657 546 1887 600 principes
1904 545 2007 588 facti

446 615 701 668 praesentia
734 614 853 656 clara
887 625 941 656 ex
974 626 1117 668 aeque
1157 615 1348 657 honesta
1383 616 1556 670 origine
1590 617 1632 658 et
1660 617 1880 658 vetustate
1908 618 2010 659 nata

446 695 546 727 esse
580 684 784 726 ardenter
818 684 1062 738 cupiebant
1105 687 1238 738 atque
1283 686 1495 739 quotiens
1527 688 1724 728 veterum
1757 688 2009 740 temporum

444 755 607 797 famam
641 755 951 809 maiorumque
986 755 1223 798 illustrium
1258 757 1535 799 maiestatem
1570 757 1613 798 in
1648 757 1888 800 annalibus
1915 757 2011 799 suis

445 825 605 868 frustra
638 826 925 879 quaerebant,
963 837 1051 867 non
1082 826 1268 868 deerant
1299 827 1463 868 decora
1497 827 1691 881 ingenia,
1720 838 1836 881 quae
1865 827 2011 869 homi·
2063 852 2066 854 -

447 909 551 939 num
592 896 833 939 memoriae
868 896 1130 950 patriaeque
1165 897 1378 939 historiae
1413 897 1653 940 simulacro
1686 908 1769 940 suo
1797 898 2010 951 specioso

447 967 614 1009 auxilio
658 968 874 1009 venirent.
919 957 971 1009 Et
1016 967 1210 1010 artifices
1255 968 1296 1010 et
1339 970 1499 1022 poetae
1532 970 1736 1022 tempora
1770 967 1845 1010 illa
1877 968 2011 1010 oblit-
2037 1007 2045 1012 ,,

446 1039 583 1080 terata
617 1049 639 1079 e
674 1037 871 1080 tenebris
906 1038 949 1079 in
983 1038 1127 1080 lucem
1164 1037 1362 1092 proferre
1395 1038 1666 1092 fabulasque
1693 1038 1902 1092 antiquas
1930 1049 2012 1081 sua

447 1110 537 1150 arte
571 1110 725 1150 auctas
759 1110 800 1150 et
832 1108 1074 1150 illustratas
1108 1108 1378 1162 aequalibus
1411 1109 1506 1152 suis
1535 1111 1635 1152 ante
1664 1109 1824 1152 oculos
1843 1120 2011 1164 ponere

446 1190 622 1221 summo
657 1190 793 1232 opere
826 1178 1103 1221 studuerunt.

1130 1272 1413 1324 „pictoribus
1448 1276 1582 1328 atque
1618 1274 1766 1328 poetis

588 1343 822 1394 Quidlibet
854 1344 1051 1386 audendi
1087 1355 1265 1399 semper
1296 1344 1378 1387 fuit
1411 1356 1556 1399 aequa
1590 1343 1834 1398 potestas''.

506 1438 630 1489 Quas
663 1438 914 1480 fabularum
949 1439 1328 1492 amplificationes
1363 1440 1407 1481 in
1442 1440 1611 1493 patriae
1645 1440 1862 1482 honorem
1881 1438 2011 1481 addi-

447 1513 514 1552 tas
548 1521 690 1551 rerum
725 1509 969 1562 scriptores
1005 1511 1045 1551 et
1079 1511 1280 1552 oratores
1323 1509 1452 1552 Attici
1495 1510 1624 1552 avide
1658 1510 1939 1565 arripuerunt
1971 1511 2013 1551 et

447 1582 824 1635 propagaverunt.
1132 1582 1136 1585 '

507 1650 620 1693 Huic
665 1650 969 1704 mythologiae
1012 1651 1090 1692 toti
1145 1651 1265 1705 genti
1325 1652 1533 1706 propriae
1591 1654 1725 1706 atque
1783 1651 2010 1693 communi

447 1833 521 1857 rum
552 1833 669 1857 messe
700 1824 855 1856 Athenae
886 1825 1065 1863 saginatae
1098 1824 1177 1855 sunt
1209 1824 1240 1855 et
1264 1831 1353 1863 quae
1378 1831 1444 1856 nos
1468 1824 1573 1856 hodie
1597 1823 1640 1856 de
1664 1824 1879 1864 mythologia
1901 1823 2010 1856 Attica

446 1878 626 1918 Euripidis
659 1885 783 1909 aevum
818 1877 1050 1917 praecedente
1085 1879 1263 1916 comperta
1297 1877 1479 1915 habemus,
1512 1886 1573 1917 per
1604 1877 1755 1909 Athenas
1777 1877 1821 1909 ad
1845 1884 1912 1909 nos
1935 1884 2012 1916 per-

446 1934 623 1963 venerunt.
654 1931 735 1963 Inde
767 1930 923 1970 sequitur
954 1932 990 1962 ut
1020 1930 1041 1961 ii
1067 1930 1181 1962 cultus
1202 1929 1313 1967 Attici,
1338 1938 1429 1969 quos
1453 1930 1537 1962 urbs
1561 1938 1631 1962 non
1656 1930 1882 1962 devoraverat
1905 1931 1937 1962 et
1966 1930 2012 1961 ita

446 1984 616 2017 oblivioni
651 1992 721 2016 non
757 1984 937 2023 eripuerat,
972 1983 1138 2022 paulatim
1174 1990 1389 2015 marcescere
1423 1983 1603 2023 coeperint
1637 1984 1667 2015 et
1692 1990 1855 2023 magnam
1878 1984 2041 2022 partem>

447 2039 522 2070 sine
555 2038 706 2077 vestigio
740 2038 912 2076 perierint,
947 2037 1044 2076 quod
1077 2037 1146 2068 iam
1171 2036 1345 2076 Diogenis
1368 2036 1491 2068 Laertii
1515 2037 1642 2068 diebus
1665 2036 1710 2068 ita
1731 2036 1842 2068 fuisse
1865 2037 2011 2072 constat,

447 2092 505 2129 qui
531 2091 781 2123 commemorat
819 2086 971 2130 βωμοὺς
1008 2085 1235 2129 ἀνωνύμωυς
1274 2084 1369 2118 κατὰ
1403 2085 1487 2126 τοὺς
1520 2084 1663 2129 δήμους
1690 2088 1762 2118 τῶν
1787 2083 2009 2129 Ἀθηναίων.

446 2143 501 2182 (D.
516 2144 549 2175 L.
564 2143 573 2174 l
590 2143 635 2180 10,
648 2143 691 2183 3).
725 2142 924 2175 Possumus
947 2144 1062 2174 tamen
1087 2143 1286 2174 etiamnunc
1309 2150 1442 2181 paucas
1465 2142 1632 2181 reliquias
1665 2142 1761 2174 illius
1789 2143 1916 2175 veteris
1939 2150 2011 2183 my-

446 2197 623 2236 thologiae
648 2196 779 2228 Atticae
804 2196 970 2227 indicare.
993 2194 1050 2227 Sic
1075 2194 1243 2234 Cynnem,
1267 2194 1505 2235 Cynnidarum
1541 2196 1654 2234 gentis
1683 2197 1861 2228 auctorem
1881 2196 2011 2228 obscu-

447 2258 521 2281 rum
574 2250 607 2281 in
650 2249 810 2289 Hymetto
851 2250 969 2280 monte
1013 2249 1097 2280 olim
1139 2248 1270 2280 cultum
1312 2248 1480 2280 habuisse
1522 2249 1706 2286 novimus;
1745 2248 2011 2281 Aristomachus

446 2305 545 2348 «ἥρως
572 2304 698 2347 ἰατρός
721 2308 791 2344 fuit,
817 2304 855 2345 ὃς
882 2303 998 2347 ἐτάφη
1026 2304 1066 2335 ἐν
1093 2301 1313 2346 3Ιαραθῶνι
1341 2302 1445 2347 παρὰ
1473 2302 1510 2335 τὸ
1539 2301 1742 2335 Διονύσιον
1771 2302 1832 2336 καὶ
1859 2305 2009 2347 τιμᾶται

448 2358 521 2390 ὑπὸ
548 2360 620 2390 τῶν
646 2357 841 2401 ἐγχωρίων
858 2359 980 2398 (Bekk.
1002 2360 1132 2391 Anecd.
1156 2359 1226 2397 262,
1253 2359 1321 2399 16);
1351 2360 1393 2391 de
1425 2359 1588 2399 Hesycho
1612 2360 1716 2392 heroe
1739 2360 1895 2399 quodam
1917 2360 2010 2392 fama

447 2415 576 2446 incerta
596 2415 639 2446 ad
655 2422 721 2446 nos
735 2413 937 2453 penetravit,
952 2413 1052 2445 cuius
1065 2412 1184 2444 fanum
1199 2413 1231 2444 in
1247 2412 1421 2451 Areopagi
1436 2412 1526 2443 clivo
1543 2408 1647 2450 ἐκτὸς
1661 2411 1734 2441 τῶν
1749 2409 1858 2441 ἐννέα
1873 2407 2011 2441 πυλῶν

448 2470 518 2500 erat
540 2467 672 2507 (Schol.
696 2467 804 2507 Soph.
830 2469 870 2502 O.
893 2466 931 2499 C.
953 2466 1045 2505 489);
1069 2466 1245 2497 Thoricus
1269 2464 1464 2505 Cephalum
1485 2473 1587 2497 suum
1601 2465 1732 2503 habuit,
1745 2465 1872 2498 Hecale
1886 2466 2011 2498 demus

447 2520 627 2552 heroinam
659 2519 911 2559 cognominem
936 2521 968 2551 et
994 2514 1064 2547 Διά
1092 2512 1300 2547 Ἑκάλειον
1331 2517 1448 2549 coluit.
1479 2517 1595 2550 Pauca
1620 2518 1704 2550 haec
1729 2518 1874 2550 nomina
1897 2518 2010 2558 (plura

447 2573 514 2604 vid.
548 2574 642 2612 apud
667 2572 874 2613 Gruppium,
898 2580 946 2612 gr.
980 2571 1086 2611 Myth.
1120 2579 1152 2610 p.
1175 2570 1215 2602 40
1239 2570 1330 2609 sqq)
1362 2570 1491 2602 indicia
1521 2572 1603 2602 sunt
1625 2571 1750 2603 veteris
1773 2571 2010 2611 mythologiae

447 2626 515 2657 iam
550 2628 628 2658 ante
661 2626 925 2666 synoecismum
959 2626 1029 2657 tota
1062 2624 1173 2655 Attica
1207 2623 1373 2661 florentiS,
1407 2623 1509 2655 cuius
1544 2623 1760 2656 latitudinem
1799 2627 1830 2656 et
1853 2625 2008 2664 vigorem

447 2679 552 2710 hodie
577 2686 645 2710 non
670 2679 738 2710 iam
763 2678 881 2710 animo
906 2678 1091 2716 concipere
1115 2683 1319 2716 possumus.

446 2781 474 2822 4
