2174 3374
143 506 232 549 tius
276 505 559 560 inspicimus,
603 517 693 548 non
739 505 1011 555 dubitamus,
1057 505 1163 558 quin
1199 507 1332 559 poeta
1365 505 1463 559 ipse
1497 505 1705 547 distincte

145 576 410 619 indicaverit
451 575 723 619 Athenarum
768 576 922 618 hostes
964 575 1164 618 Thraces
1202 587 1302 618 esse
1336 587 1509 626 omnes,
1543 576 1705 618 infesto

145 647 324 702 agmine
353 648 396 688 in
426 647 580 690 urbem
610 647 950 696 contendentes,
981 648 1027 689 ut
1053 647 1144 701 regi
1164 658 1246 689 suo
1266 649 1489 701 occupent
1506 658 1704 702 regnum.

203 717 338 769 Quod
371 718 520 761 lucide
553 720 768 761 testantur
799 717 937 760 verba
968 717 1018 759 fr.
1051 717 1151 768 360,
1185 729 1249 760 vs.
1283 718 1340 760 46
1373 729 1502 772 sqq:

440 790 531 830 οὐδ’
562 788 649 830 ἀντ’
683 791 815 837 ἐλάας
845 792 1027 842 χρυσέας
1059 805 1098 829 τε
1129 789 1342 842 Γοργόνος

440 853 634 898 τρίαιναν
665 851 803 902 ὀρθ-ὴν
834 854 997 888 στᾶσαν
1029 851 1074 888 ἐν
1106 850 1270 896 πόλεως
1301 850 1485 902 βάθροις

435 909 669 960 Εὔμολπος
702 908 800 948 οὐδὲ
834 907 945 961 Θρῄξ
977 910 1207 957 ἀναστέψει
1239 909 1346 955 λεὼς

440 971 697 1019 στεφάνοισι,
731 966 920 1014 Παλλὰς
952 966 1185 1018 ὂόὐόαμοῦ
1218 971 1444 1018 τιμήσεται.

203 1035 508 1091 Opponuntur
556 1037 599 1079 in
649 1036 719 1079 his
767 1036 975 1079 versibus
1024 1037 1145 1079 oliva
1191 1036 1421 1079 Minervae
1465 1039 1506 1079 et
1538 1036 1707 1079 tridens

142 1106 362 1162 Neptuni;
396 1107 592 1162 Neptuni
626 1107 745 1151 iilius
780 1108 1051 1163 redintegrat
1080 1119 1276 1162 pugnam
1306 1119 1405 1150 cum
1435 1106 1704 1150 Athenarum

144 1190 261 1234 rege,
295 1190 384 1233 qua
416 1179 523 1221 olim
559 1181 684 1233 pater
716 1191 741 1221 a
773 1179 977 1221 Minerva
1010 1179 1156 1221 victus
1191 1182 1295 1221 erat.

202 1249 360 1303 Neque
394 1250 542 1292 minus
574 1252 726 1304 aperte
759 1249 978 1292 Thraciae
1013 1250 1166 1292 hastae
1201 1261 1300 1291 curn
1321 1246 1535 1304 Gorgone
1562 1248 1705 1291 Attica

144 1322 366 1363 certamen
400 1320 640 1376 designant
671 1320 808 1362 verba
841 1321 980 1371 chori,
1021 1321 1097 1374 qui
1133 1320 1238 1362 belli
1274 1320 1406 1362 finem
1441 1320 1706 1362 desiderans

143 1403 302 1446 pacem
339 1393 470 1434 cantu
505 1391 732 1434 celebrare
768 1392 905 1447 cupit,

501 1462 699 1516 Θρηΐκιον
731 1465 891 1503 πέλται)
923 1467 1026 1517 πρὸς
1060 1462 1253 1510 Ἀθάνας

497 1526 733 1576 περικιόσιν
766 1525 1036 1576 (ἔγκρεμάσας
1068 1523 1290 1573 θαλάμοις
1323 1518 1392 1574 (fr.
1426 1518 1546 1574 369).

202 1592 299 1635 Nisi
343 1593 510 1635 assueti
562 1603 767 1635 essemus
812 1592 1020 1646 Eumolpi
1071 1603 1235 1634 nomen
1285 1592 1414 1645 quasi
1459 1593 1621 1645 sponte
1665 1594 1706 1633 et

142 1664 255 1706 ultro
303 1674 404 1706 cum
463 1662 707 1706 Eleusiniis
766 1664 1055 1718 coniungere,
1113 1664 1223 1705 haec
1284 1666 1400 1704 certe
1458 1662 1706 1717 fragmenta

143 1734 405 1777 iamdudum
448 1746 601 1777 verum
645 1734 966 1789 patefecissent
1008 1746 1155 1788 neque
1189 1745 1401 1788 umquam
1437 1734 1703 1787 cuiusquam

143 1805 341 1848 animum
375 1805 430 1848 ad
466 1805 724 1848 Eleusinios
758 1805 1068 1848 deduxissent.

202 1876 314 1920 Belli
359 1877 497 1920 nostri
543 1877 663 1932 apud
708 1876 970 1931 Euripidem
1016 1876 1153 1919 semel
1198 1878 1427 1930 praeterea
1461 1875 1626 1917 mentio
1660 1875 1705 1917 tit

143 1945 333 2002 (Phoen.
366 1945 488 2001 854),
536 1947 612 1990 ubi
662 1947 876 1997 Tiresias,
927 1959 952 1990 a
995 1945 1188 1990 Creonte
1231 1946 1415 1989 Thebas
1447 1947 1705 1997 arcessitus,

144 2018 292 2072 priore
325 2019 398 2061 die
431 2029 479 2061 se
513 2017 701 2061 Athenis
735 2019 917 2061 venisse
952 2018 1024 2069 ait,
1059 2018 1262 2060 addens:

379 2092 500 2130 κᾶκεῖ
530 2094 611 2144 γὰρ
643 2093 694 2142 ἦν
726 2106 784 2138 τις
815 2092 1003 2142 πόλεμος
1026 2090 1265 2141 Εὐμόλπου
1298 2089 1431 2142 δορὸς,

379 2152 430 2189 οὗ
461 2150 738 2197 καλλινίκους
770 2149 1038 2203 Κεκροπίδας
1071 2147 1190 2201 ἔθηκ’
1225 2151 1318 2199 ἐγώ.

203 2218 286 2261 Hic
320 2230 504 2273 quoque
536 2219 754 2262 Eleusinii
791 2231 880 2262 non
917 2220 1335 2261 commemorantur.
1383 2216 1540 2271 Neque
1575 2217 1706 2272 igitur

142 2290 264 2344 apud
299 2290 447 2344 ipsum
483 2289 758 2344 Euripidem,
793 2301 940 2344 neque
974 2290 1095 2344 apud
1128 2289 1389 2343 Lycurgum,
1420 2289 1495 2341 qui
1526 2290 1703 2341 poetam

144 2362 373 2403 auctorem
406 2361 524 2408 citat,
560 2372 708 2415 neque
742 2361 864 2415 apud
897 2361 1013 2403 alios
1046 2362 1246 2402 oratores
1279 2358 1463 2409 Atticos,
1498 2359 1574 2412 qui
1604 2370 1703 2400 eum

143 2431 285 2473 secuti
334 2442 436 2474 esse
478 2432 700 2482 videntur,
749 2432 887 2474 ullum
939 2431 1269 2473 Eleusiniorum
1313 2430 1552 2484 vestigium
1587 2429 1704 2479 latet,

144 2501 282 2544 immo
301 2502 358 2544 ab
377 2502 590 2546 omnibus
609 2503 886 2546 Erechtheus
904 2503 932 2544 b
946 2514 970 2545 a
987 2515 1005 2544 r
1018 2502 1045 2544 b
1060 2513 1084 2544 a
1100 2514 1156 2544 ro
1171 2513 1192 2544 s
1210 2501 1398 2543 vincens
1417 2501 1656 2543 inducitur.
1672 2498 1705 2550 1)

188 2604 219 2645 l)
241 2604 304 2637 His
320 2605 389 2637 iam
413 2605 552 2645 scriptis
575 2614 606 2638 v.
629 2606 661 2638 d.
685 2605 849 2638 Emilium
872 2605 1149 2644 Ermatingerum
1174 2605 1266 2636 idem
1291 2604 1357 2635 iam
1383 2603 1600 2642 suspicatum
1625 2610 1704 2634 esse

143 2657 258 2696 video,
281 2658 404 2697 partim
428 2658 555 2691 iisdem
577 2660 791 2698 argumentis
816 2659 951 2696 nisum;
981 2658 1049 2690 vid.
1074 2657 1138 2690 Die
1169 2657 1323 2689 Attische
1345 2657 1704 2695 Autochthonensage

143 2711 199 2743 bis
221 2712 281 2744 auf
303 2711 498 2751 Euripides,
522 2720 555 2751 p.
581 2711 638 2743 104
662 2719 740 2751 sqq.

1651 2814 1702 2855 17
