2174 3374
89 1368 94 1396 ξ

139 485 247 529 nihil
283 486 427 541 magis
460 486 627 541 profuit
660 498 794 540 quam
829 499 965 530 scena
997 488 1153 540 Attica,
1187 491 1261 532 ubi
1299 492 1529 534 innumera
1561 504 1694 546 spec-

137 558 326 600 tatorum
376 557 506 599 turba
557 558 744 599 heroum
790 569 972 602 suorum
1017 562 1144 601 κλέεα
1189 573 1277 603 non
1312 564 1478 604 tantum
1514 563 1695 606 auribus

138 628 220 671 sed
238 628 372 670 etiam
390 627 536 670 oculis
565 627 859 679 imbibebant,
888 630 1006 672 unde
1035 631 1228 684 quisque
1246 631 1493 674 fabularum
1515 635 1692 687 poetico

135 698 318 754 ingenio
361 700 591 741 auctarum
631 698 872 753 imaginem
907 701 1103 743 vividam
1139 704 1180 743 et
1213 702 1504 746 immortalem
1541 715 1692 746 secum

137 769 320 811 domum
352 769 536 811 ferebat.

194 837 308 883 Cum
342 841 489 882 autem
521 839 772 894 Aeschylus
806 842 848 882 et
881 838 1134 894 Sophocles
1167 853 1328 897 magna
1362 855 1415 885 ex
1441 847 1563 897 parte
1584 846 1694 887 mai-

136 921 260 952 orum
304 910 495 960 vestigia
538 911 678 964 secuti
723 911 812 953 sint
854 914 987 965 atque
1025 913 1251 954 materiam
1287 914 1532 956 dramatum
1567 927 1695 969 prae—

134 981 268 1036 cipue
303 993 326 1024 e
359 981 485 1036 cyclo
529 980 709 1032 Tro'ico,
752 981 985 1032 Thebano,
1018 981 1334 1037 Argonautico‚
1368 984 1557 1039 aliisque
1592 986 1694 1028 inde

36 1048 39 1049 ⁷
135 1051 191 1094 ab
234 1052 565 1106 antiquissimis
609 1053 890 1107 temporibus
933 1064 1016 1095 usu
1066 1055 1259 1108 receptis
1293 1055 1534 1106 hauserint,
1570 1056 1695 1098 Euri-

134 1122 266 1177 pides
295 1124 470 1166 veteres
504 1123 604 1166 illas
632 1126 674 1166 et
702 1124 889 1166 usitatas
916 1124 1094 1167 fabulas
1128 1125 1308 1167 minime
1340 1126 1522 1179 quidem
1543 1127 1695 1182 negle-

88 1177 92 1192 ’
134 1204 246 1249 gens
287 1193 488 1236 vividum
533 1197 681 1236 tamen
727 1195 924 1236 animum
970 1197 1012 1237 et
1054 1198 1097 1237 in
1147 1195 1234 1237 alia
1283 1196 1481 1246 detorsit,
1532 1197 1695 1240 multos

135 1263 314 1318 mythos
369 1263 541 1307 Atticos
600 1265 815 1307 odoratus
873 1267 952 1316 est,
1012 1266 1176 1308 multos
1225 1267 1386 1308 heroas
1433 1266 1603 1309 Atticos
1651 1268 1694 1309 in

89 1320 95 1367 ῗ
134 1345 316 1377 scenam
350 1335 524 1390 primus
557 1335 816 1386 introduxit,
850 1336 978 1390 ipsos
1013 1337 1056 1378 in
1090 1337 1235 1379 maius
1268 1337 1522 1388 celebravit,
1543 1350 1693 1380 eorum

90 1397 102 1485 ἒἱ
134 1405 418 1448 adversarios
461 1407 737 1449 detrectavit.
787 1405 905 1449 Satis
947 1407 1159 1449 audacter
1193 1410 1233 1449 et
1266 1408 1484 1450 violenter
1518 1411 1694 1463 poetam

99 1489 104 1534 :3
134 1477 178 1519 in
212 1477 296 1519 hac
329 1488 373 1519 re
407 1477 556 1532 egisse
591 1477 634 1519 in
668 1477 832 1532 vulgus
866 1478 1048 1532 quidem
1086 1479 1237 1520 notum
1274 1481 1354 1529 est,
1393 1479 1473 1521 sed
1507 1479 1696 1534 singulis

98 1535 106 1623 ἰ
136 1547 250 1590 locis
309 1548 424 1590 hanc
484 1548 751 1591 sententiam
811 1549 1003 1603 probare
1063 1560 1249 1591 necesse
1309 1552 1376 1592 est
1428 1561 1695 1604 semperque

100 1618 457 1706 {quaerendum
491 1621 714 1673 quatenus
748 1622 882 1674 poeta
915 1620 1170 1674 antiquiora
1204 1620 1446 1671 tradiderit,
1476 1622 1696 1674 quatenus

134 1689 189 1732 de
223 1700 306 1732 suo
340 1690 584 1732 novaverit.

193 1759 321 1812 Quae
364 1761 651 1817 investigatio
695 1761 964 1804 difficillima
1003 1765 1044 1804 et
1077 1773 1213 1815 saepe
1247 1772 1431 1816 prorsus
1466 1762 1584 1804 irrita
1617 1764 1695 1811 est,

135 1831 241 1885 quia
259 1842 349 1874 non
368 1831 515 1874 solum
550 1832 801 1886 mythorum
836 1832 1081 1875 Atticorum
1116 1833 1293 1875 traditio
1328 1832 1697 1887 ante-Euripidea

134 1901 402 1956 parcissima
450 1904 531 1952 est,
580 1902 661 1945 sed
713 1903 845 1945 etiam
897 1903 996 1957 ipsa
1045 1902 1272 1957 Euripidis
1316 1903 1513 1944 dramata
1555 1902 1696 1944 Attica

134 1984 341 2028 magnam
401 1975 571 2028 partem
630 1974 869 2027 perierunt,
922 1986 1111 2028 quorum
1162 1975 1420 2028 argumenta
1468 1985 1490 2015 e
1539 1973 1696 2027 paucis

133 2043 394 2100 fragmentis
437 2046 681 2098 utcumque
726 2045 924 2087 eruenda
967 2047 1082 2088 sunt.
1140 2044 1183 2086 In
1229 2046 1311 2086 hac
1355 2044 1695 2097 antiquissimae

135 2115 346 2158 materiae
379 2115 603 2170 paucitate
633 2116 1091 2170 circumspiciendum
1124 2117 1201 2164 est,
1222 2115 1368 2157 sintne
1388 2114 1474 2156 alia
1492 2114 1697 2156 subsidia

135 2197 250 2240 quae
283 2185 499 2228 adhibere
530 2197 776 2240 possumus
812 2187 868 2228 ad
904 2186 1133 2240 Euripidis
1167 2186 1434 2227 mutationes
1463 2187 1503 2226 et
1521 2185 1697 2227 addita-

134 2258 283 2299 menta
340 2256 397 2299 ab
454 2256 706 2300 fabularum
768 2257 1002 2300 elementis
1060 2257 1261 2311 pristinis
1338 2255 1694 2297 internoscenda.

133 2326 291 2382 Inopia
348 2327 529 2370 adducti
587 2330 768 2370 externa
827 2328 993 2370 auxilia
1053 2328 1137 2369 huc
1197 2337 1422 2368 arcessere
1481 2326 1695 2380 cogimur,

135 2400 342 2441 auctores
389 2398 494 2440 volo
545 2398 774 2453 Euripidis
823 2400 965 2441 aetate
1010 2398 1296 2452 posteriores,
1341 2397 1414 2449 qui
1461 2396 1694 2438 multarum

133 2468 384 2512 fabularum
418 2469 639 2512 elementa
674 2471 1067 2518 conservaverunt,
1112 2479 1300 2521 quorum
1336 2478 1417 2508 nec
1452 2468 1580 2508 ante
1614 2478 1695 2508 nec

134 2540 284 2594 apud
319 2539 579 2595 Euripidem
613 2541 752 2583 ullum
789 2540 1028 2594 vestigium
1063 2539 1292 2593 reperitur,
1326 2549 1515 2591 quorum
1549 2540 1695 2579 tamen

133 2610 366 2666 originem,
401 2611 575 2654 etiamsi
611 2613 766 2654 auctor
798 2612 854 2653 de
890 2622 941 2653 ea
974 2612 1102 2660 tacet,
1138 2609 1358 2650 interdum
1394 2611 1466 2650 aut
1494 2608 1694 2661 Euripidi

134 2682 210 2723 aut
256 2693 370 2724 aevo
418 2681 679 2736 Euripidem
731 2681 1016 2736 praecedenti
1069 2691 1167 2721 cum
1218 2679 1355 2721 multa
1403 2679 1492 2720 veri
1543 2678 1694 2732 specie

1661 2796 1686 2838 5
