2174 3374
466 532 598 575 nibus
631 532 686 574 ab
719 531 904 574 Athenis
938 530 1138 575 Colchos
1182 533 1383 575 rediisse.
1428 532 1561 583 Quod
1591 534 1627 576 si
1659 534 1717 576 ita
1746 545 1794 576 se
1825 534 2021 584 haberet,

464 604 627 646 Medus
671 606 852 645 matrem
898 615 986 645 non
1027 603 1069 644 in
1105 615 1232 645 curru
1268 604 1520 654 comitatus,
1555 605 1634 646 sed
1668 616 1749 647 sua
1782 607 1943 659 sponte
1978 605 2020 647 in

464 674 659 716 Mediam
691 673 919 728 profectus
947 677 1079 724 esset,
1109 674 1179 716 cui
1208 676 1355 716 tamen
1386 675 1547 717 iustam
1578 686 1757 717 causam
1782 676 2020 729 separatim

464 745 660 787 abeundi
695 757 784 787 non
817 744 947 787 facile
983 745 1321 799 excogitaveris.

522 815 576 860 At
618 816 686 867 iis,
731 827 846 869 quae
888 816 1099 870 Mayerus
1137 816 1191 858 de
1227 817 1364 859 nostri
1400 816 1611 859 dramatis
1643 817 1729 859 tine
1763 817 2022 871 disputavit,

464 886 679 929 nonnulla
726 886 842 928 adici
892 898 1030 940 posse
1078 897 1243 929 censeo
1293 899 1346 929 ex
1394 886 1612 938 DiodorO,
1657 888 1748 941 qui,
1782 890 2021 942 postquam

464 958 673 1011 exposuit
720 960 925 1000 auctores
959 958 1180 1012 quosdam
1214 959 1386 1001 tradere
1420 959 1626 1001 Medeam
1662 959 1704 1000 in
1737 958 1887 1001 Asiam
1922 970 2023 1012 pro-

462 1027 623 1070 fectam
668 1028 728 1070 ibi
774 1033 1023 1081 συνοικῆσαί
1066 1046 1144 1069 τινι
1187 1035 1266 1070 τῶν
1307 1033 1527 1082 ἐπιφανῶν
1568 1031 1800 1080 βασιλέων,
1844 1041 1898 1071 ex
1932 1040 2022 1082 quO

463 1099 646 1141 Medum
687 1099 841 1150 filium,
887 1111 911 1141 a
943 1111 1034 1153 quo
1077 1100 1198 1142 Medi
1244 1112 1406 1143 nomen
1451 1100 1670 1151 duxerint,
1709 1100 1923 1155 genuerit,
1957 1100 2022 1142 sic

463 1170 607 1224 pergit
639 1169 711 1221 (IV
741 1170 845 1222 56);
888 1171 1105 1211 Καθόλου
1149 1172 1191 1211 δὲ
1235 1171 1305 1211 διὰ
1339 1176 1410 1223 τὴν
1443 1177 1522 1211 τῶν
1554 1172 1778 1226 τραγῳδῶν
1810 1175 2024 1226 τερατείαν

460 1242 634 1293 ποικίλη
667 1256 725 1288 τις
755 1247 826 1280 καὶ
860 1241 1062 1294 διάφορος
1096 1246 1259 1296 ἱστορία
1291 1249 1386 1296 περὶ
1419 1243 1611 1295 Μηδείας
1644 1245 1917 1295 ἐξενήνεκται,
1950 1246 2022 1283 καί

462 1327 566 1359 τινες
597 1313 855 1365 χαρίζεσθαι
889 1313 1151 1364 βουλόμενοι
1185 1319 1268 1360 τοῖς
1300 1310 1552 1366 Ἀθηναίοις
1588 1319 1720 1366 φασὶν
1753 1317 1882 1366 αὐτὴν
1915 1317 2023 1354 εἷνα-

461 1384 689 1433 λαβοῦσαν
721 1386 791 1422 τὸν
823 1386 866 1433 ἐξ
898 1384 1055 1435 Αἰγέως
1091 1384 1245 1435 Μῆδον
1278 1388 1335 1431 εἰς
1366 1385 1568 1437 Κόλχους
1600 1384 1883 1437 διασωθῆναι·
1917 1389 2024 1424 κατὰ

463 1453 505 1492 δὲ
554 1458 697 1494 τοῦτον
745 1458 815 1494 τὸν
854 1457 1012 1508 χρόνον
1054 1455 1209 1507 Αἰήτην
1252 1457 1296 1494 ἐκ
1339 1461 1406 1507 τής
1437 1456 1664 1506 βασιλείας
1696 1458 1778 1494 ὑπὸ
1812 1455 2023 1508 τάδελφοῦ

461 1524 633 1578 Πέρσου
675 1526 827 1575 βιαίως
869 1527 1160 1566 ἐκπεπτωκότα
1202 1531 1274 1578 τὴν
1317 1529 1452 1580 ἀρχὴν
1496 1527 1837 1578 ἀνακτήσασθαι,
1870 1526 2024 1578 ΙΙῙήδου

462 1599 533 1634 τοῦ
574 1595 767 1647 ΒΙήδεὶας
808 1597 1034 1644 ἀνελόντος
1075 1601 1144 1637 τὸν
1186 1598 1370 1651 Πέρσην·
1413 1601 1518 1648 μετὰ
1561 1597 1605 1636 δὲ
1646 1602 1774 1636 ταῦτα
1808 1597 2025 1648 δυνάμεως

462 1668 638 1719 ἐγκρατῆ
680 1669 909 1718 γενόμενον
952 1672 1022 1707 τὸν
1064 1668 1217 1720 Μῆδον
1259 1670 1430 1720 πολλὴν
1468 1669 1671 1709 ἐπελθεῖν
1714 1674 1781 1720 τῆς
1818 1670 1923 1721 ὑπὲρ
1955 1671 2025 1707 τὸν

462 1736 631 1776 Πόντον
664 1734 812 1787 Ἀσίας,
846 1743 917 1777 καὶ,
949 1746 1177 1792 κατασχεῖν
1210 1744 1281 1791 τήν
1309 1737 1382 1779 ἀπ’
1411 1742 1573 1779 ἐκείνου
1600 1740 2025 1793 προσαγορευθεῖσαν

462 1806 649 1858 Μηδίαν.

522 1875 555 1918 Ε
587 1878 818 1932 tragoedia
861 1880 1054 1933 quadam
1100 1881 1213 1923 hanc
1248 1881 1479 1923 historiam
1512 1882 1712 1934 ποικίλην
1745 1882 1787 1922 et
1818 1880 2025 1934 διάφορον

463 1958 511 1990 se
541 1947 853 2003 desumpsisse
883 1949 1112 1994 Diodorus
1142 1952 1239 2006 ipse
1278 1952 1442 1994 diserte
1471 1951 1643 1994 fatetur.
1668 1950 1845 1993 Postea
1864 1953 2024 2001 autem,

463 2030 577 2073 quae
622 2030 758 2074 supra
801 2021 1133 2076 disputavimus
1177 2023 1231 2065 de
1277 2023 1488 2077 Euripide
1531 2023 1653 2065 Medi
1700 2033 1937 2076 personam
1981 2021 2024 2063 in

461 2089 657 2132 fabulam
688 2091 998 2135 introducente
1027 2095 1069 2136 et
1097 2094 1155 2136 ita
1182 2093 1417 2136 Medorum
1447 2093 1665 2148 originem
1695 2092 1882 2135 Atticam
1907 2091 2026 2134 cele-

463 2160 632 2212 brante,
667 2163 925 2206 coniectura
959 2165 1140 2207 minime
1174 2165 1406 2207 temeraria
1441 2166 1507 2207 est
1535 2166 1714 2218 poetam
1745 2164 1861 2206 hunc
1891 2163 2026 2218 tragi-

463 2247 579 2283 cum,
614 2234 690 2288 qui
723 2236 985 2289 χαρίζεσθαι
1017 2237 1284 2288 βουλόμενος
1317 2242 1399 2284 τοῖς
1432 2235 1674 2289 Ἀθηναίοις
1715 2234 1840 2276 finxit
1881 2238 1952 2274 τὸν
1983 2236 2026 2284 ἐξ

462 2307 618 2359 Αἰγέως
664 2305 818 2358 ΖῑΙῆδον
864 2312 1093 2360 κατασχεῖν
1139 2311 1212 2358 τὴν
1259 2303 1334 2346 (ἐπ’
1383 2309 1544 2347 ἐκείνου
1601 2306 2026 2360 προσαγορευθεῖσαν

463 2377 638 2429 Μηδίαν
671 2376 818 2430 ipsum
854 2375 1112 2430 Euripidem
1147 2379 1347 2420 nostrum
1380 2376 1535 2419 fuisse.

522 2446 673 2500 ltaque
722 2447 828 2489 mihi
880 2458 1145 2501 persuasum
1196 2450 1263 2490 est
1309 2447 1461 2489 omnia
1504 2446 1592 2497 illa,
1637 2457 1752 2500 quae
1796 2445 2026 2488 Diodorus

463 2520 704 2569 enumerat,
755 2518 797 2560 in
843 2518 931 2560 tine
981 2518 1193 2561 dramatis
1241 2518 1378 2561 Medo
1428 2518 1657 2572 praedicta
1705 2527 1819 2567 esse,
1869 2527 1958 2557 non
2001 2526 2026 2556 a

462 2588 638 2639 Medea,
673 2589 753 2631 sed
787 2589 843 2631 ab
878 2589 964 2631 alia
997 2589 1191 2643 quadam
1223 2600 1416 2644 persona
1444 2588 1610 2639 divina,
1640 2587 1793 2641 quoin
1811 2585 2024 2628 vaticinio

463 2660 613 2702 verbis
661 2660 750 2702 illis
797 2664 874 2710 ἵξει
922 2661 966 2700 δὲ
1014 2661 1175 2713 Μήδων
1221 2667 1350 2713 γαῖαν
1398 2659 1653 2714 (pervenies
1702 2658 1744 2699 in
1788 2657 2022 2700 Medorum

463 2729 641 2783 terram)
689 2741 798 2772 suus
847 2733 914 2773 est
963 2730 1103 2781 locu&
1164 2742 1279 2785 quae
1333 2731 1500 2784 optime
1551 2730 1593 2771 in
1642 2729 1825 2771 Medum
1874 2727 2021 2770 solum

462 2847 518 2888 62
