2174 3374
148 504 248 535 cum
282 490 486 545 Dionyso
520 489 742 540 colebant,
776 501 890 544 quas
924 489 1246 544 Hyacinthides
1276 490 1345 532 vel
1377 489 1569 532 breviter
1594 505 1705 543 παρ-

145 565 300 611 θένους
324 560 364 616 l)
396 562 630 604 vocabant.
666 561 836 604 Veteris
869 563 1016 603 autem
1052 561 1414 611 necessitudinis,
1450 571 1565 614 quae
1586 559 1706 613 Hya-

147 634 299 676 cintho
343 645 444 675 cum
485 631 629 674 Attica
662 631 769 674 olim
806 631 1127 682 intercedebat,
1163 631 1295 686 plane
1330 632 1471 686 ignari
1506 642 1705 673 summo-

148 715 251 758 pere
294 703 605 757 anquirebant,
640 714 773 757 quam
809 703 868 744 ob
903 715 992 745 rem
1026 702 1224 757 virgines
1257 702 1358 744 illae
1392 702 1476 744 sub
1512 701 1706 755 Hyacin-

145 774 319 817 thidum
353 774 537 816 nomine
570 772 757 815 Athenis
792 773 1055 816 colerentur.

205 844 331 888 Duas
361 845 459 887 vias
493 844 683 899 ingressi
719 845 823 886 sunt
857 844 912 886 ad
948 844 1062 885 hanc
1091 843 1397 885 difficultatem
1428 843 1705 886 solvendam.

148 915 295 960 Unum
329 917 499 958 tantum
535 915 832 968 Hyacinthum
869 916 1097 964 noverant,
1132 913 1529 968 Peloponnesium.
1564 914 1709 955 Exco-

146 987 397 1042 gitaverunt
455 986 588 1041 igitur
644 985 844 1027 fabulam
904 996 1041 1038 supra
1098 984 1184 1026 iam
1245 987 1638 1027 commemoratam
1658 982 1709 1036 2),

148 1069 281 1112 quam
326 1057 517 1112 legimus
551 1056 671 1110 apud
706 1055 1032 1110 Apollodorum
1069 1052 1136 1109 (111
1174 1056 1239 1105 15,
1272 1052 1333 1108 8),
1369 1055 1423 1097 de
1459 1055 1708 1108 Hyacintho

146 1126 366 1183 Spartano
399 1127 596 1171 Athenas
631 1127 847 1182 migrante
883 1128 925 1169 et
957 1126 1075 1168 filias
1110 1138 1190 1180 pro
1225 1125 1566 1168 Atheniensium
1600 1126 1709 1168 urbe

147 1200 202 1242 ad
237 1197 440 1242 Geraesti
475 1198 695 1241 tumulum
729 1198 1010 1241 sacrificante
1040 1208 1187 1251 neque
1224 1197 1392 1251 gravati
1428 1199 1531 1239 sunt
1569 1208 1709 1251 puero

147 1270 204 1313 ab
236 1269 445 1325 Apolline
479 1269 644 1312 dilecto
679 1268 939 1323 complures
972 1268 1089 1310 filias
1122 1268 1353 1323 assignare
1374 1264 1423 1321 3).

205 1340 409 1384 Attamen
454 1341 525 1383 hic
570 1340 733 1383 modus
776 1339 1064 1394 explanandi,
1104 1339 1337 1393 quomodo
1372 1338 1710 1392 Hyacinthides,

147 1413 174 1456 i.
193 1424 230 1455 e.
260 1412 496 1466 Hyacinthi
527 1411 871 1454 Lacedaemonii
897 1410 1029 1461 filiae,
1048 1409 1236 1452 Athenis
1256 1410 1299 1451 in
1318 1410 1503 1452 deorum
1525 1421 1709 1452 numero

149 1483 301 1526 haberi
335 1484 539 1538 possent,
574 1494 661 1524 non
697 1493 876 1536 semper
907 1481 1126 1524 satisfecit
1156 1480 1522 1523 Atheniensibus.
1552 1480 1656 1523 Inde
1686 1492 1711 1522 a

147 1556 363 1609 tempore,
397 1565 488 1608 quo
522 1553 763 1596 aemulatio
800 1553 911 1595 inter
938 1551 1238 1595 Athenienses
1267 1554 1308 1594 et
1328 1552 1711 1594 Lacedaemonios

149 1626 193 1668 in
222 1625 320 1669 dies
352 1625 597 1676 crescebat,
633 1635 749 1678 quae
783 1624 826 1666 in
847 1624 1001 1666 odium
1021 1622 1363 1666 acerbissimum
1383 1634 1512 1666 versa
1530 1623 1709 1665 tandem

148 1696 314 1739 bellum
349 1697 579 1739 cruentum
615 1696 941 1750 procreaverat,
976 1694 1213 1748 Hyacinthi
1247 1694 1427 1736 filiabus
1456 1694 1605 1736 nullus
1623 1695 1708 1736 iam

149 1767 192 1809 in
220 1767 364 1810 Attica
390 1767 519 1810 locus
547 1768 639 1809 erat
666 1766 862 1809 relictus.
892 1766 1051 1808 Earum
1071 1766 1289 1820 originem
1311 1765 1709 1808 Lacedaemoniam

148 1839 324 1881 infitiari
359 1840 604 1893 coeperunt
636 1849 908 1891 omnemque
938 1836 1319 1879 necessitudinem
1339 1848 1438 1878 cum
1460 1836 1710 1890 Hyacintho

148 1909 234 1952 deo
278 1908 672 1964 Peloponnesiaco
716 1908 1023 1951 dissolverunt
1066 1909 1199 1961 atque
1245 1907 1304 1949 ita
1346 1908 1440 1948 orta
1474 1908 1540 1949 est
1573 1906 1710 1948 altera

148 1980 225 2023 illa
271 1980 436 2031 versio,
484 1980 683 2035 virgines
731 1979 1056 2022 Erechtheo
1106 1980 1232 2020 natas
1281 1988 1396 2028 esse,
1446 1988 1561 2031 quae
1606 1977 1709 2019 ideo

150 2050 474 2105 Hyacinthides
507 2052 659 2093 essent
690 2052 892 2100 vocatae,
928 2050 1034 2103 quia
1076 2050 1119 2091 in
1164 2048 1279 2090 colle
1315 2047 1567 2101 Hyacintho
1602 2047 1708 2089 olim

150 2133 175 2164 a
222 2123 345 2176 patre
392 2123 543 2164 essent
590 2123 822 2163 mactatae.
872 2120 997 2162 Hanc
1046 2119 1299 2161 versionem
1348 2129 1373 2159 a
1417 2117 1709 2160 Phanodemo

149 2192 354 2235 traditam
389 2192 581 2247 legimus
610 2191 730 2246 apud
760 2189 944 2234 Suidam
974 2201 1007 2233 s.
1027 2202 1066 2232 v.
1085 2191 1311 2244 Hapffle'voi
1331 2189 1551 2241 (Phanod.
1571 2188 1620 2231 fr.
1640 2189 1708 2241 3):

153 2264 235 2312 Τὰς
276 2262 517 2318 Ἐρεχθέως
548 2265 785 2317 θυγατέρας
818 2265 946 2309 οὕτως
978 2263 1127 2314 ἔλεγον
1158 2266 1229 2301 καὶ
1262 2264 1403 2312 ἐτίμωπ
1404 2277 1530 2302 .....
1551 2259 1707 2313 Ἐσφα-

148 2336 395 2387 γιάσθησαν
442 2334 486 2373 δὲ
541 2336 586 2373 ἐν
634 2338 687 2385 τῷ
734 2333 950 2385 ζΥακίνθῳ
1008 2333 1262 2384 καλουιιιένῳ
1309 2334 1431 2383 πάγῳ
1479 2334 1583 2386 ’ὑπὲρ
1630 2337 1710 2372 τῶν

150 2405 448 2458 Σφενδαλέων.
494 2404 565 2445 Διό
607 2409 679 2445 καὶ
722 2406 850 2451 οὕτως
896 2404 1128 2443 καλοῦνται
1172 2404 1383 2456 παρθένοι
1428 2402 1708 2451 εῙ“οικι”ι)θι’ὂες,

195 2537 225 2578 1)
248 2547 278 2571 v.
303 2538 401 2571 infra.

191 2591 225 2632 2)
248 2599 278 2624 v.
302 2599 334 2631 p.
356 2590 406 2623 29.

191 2644 225 2684 3)
248 2643 385 2677 Praeter
418 2644 674 2684 Apollodorum
710 2644 812 2676 etiarn
849 2643 1026 2682 Lycurgus
1060 2644 1090 2675 et
1126 2641 1283 2681 Hyginus
1318 2641 1512 2681 Hyacinlho
1539 2641 1712 2681 Spartano

153 2696 243 2729 filias
266 2697 469 2734 tribuerunt,
492 2705 522 2729 v.
547 2705 578 2737 p.
602 2697 652 2729 30.

1654 2798 1710 2840 33
