2174 3374
499 515 674 558 differre
707 518 840 570 atque
875 515 1100 570 Apollinis
1132 517 1329 571 epitheta
1360 517 1515 568 fuisse,
1534 518 1788 572 Apollinem
1809 521 1849 561 et
1865 518 2060 562 Xuthum

500 587 631 641 igitur
673 587 879 641 primitus
922 599 1057 629 unum
1103 589 1143 630 et
1181 588 1376 630 eundem
1410 588 1550 632 fuisse
1585 589 1732 640 deum,
1767 591 1910 632 utrum
1944 592 2060 632 recte

499 658 741 700 coniecerit
774 656 826 701 O.
862 657 1107 701 Muellerus
1132 657 1170 710 ¹)
1204 670 1360 710 necne,
1395 660 1501 701 mihi
1536 660 1718 714 quidem
1753 672 1843 702 non
1878 660 2031 714 liquet.

556 727 791 781 Quidquid
820 728 864 771 id
884 730 963 780 est,
984 727 1241 771 Philochori
1262 730 1542 784 temporibus
1563 731 1676 773 hanc
1695 731 2059 773 coniunctionem

497 799 757 841 iamdudum
792 799 987 842 solutam
1023 802 1064 842 et
1099 811 1152 842 ex
1186 800 1418 843 hominum
1453 802 1668 844 memoria
1701 801 1901 856 elapsam
1920 800 2060 844 fuisse

495 868 783 924 Xuthumque
818 871 1045 925 propriam
1079 881 1205 913 suam
1241 882 1480 926 personam
1509 872 1723 927 gessisse,
1744 884 1832 914 non
1852 872 2059 926 estquod

497 951 723 983 moneam.

556 1010 680 1061 Quas
714 1014 863 1066 partes
895 1011 1026 1055 Attici
1059 1012 1207 1055 Xutho
1242 1013 1488 1065 tribuerint,
1522 1014 1692 1068 optime
1721 1014 2010 1069 cognoscitur
2037 1025 2060 1056 e

497 1080 729 1133 Strabone,
764 1083 840 1137 qui
875 1083 985 1125 haec
1020 1086 1166 1126 narrat
1199 1083 1301 1135 (VIII
1336 1097 1378 1138 p.
1414 1084 1540 1137 383):
1575 1091 1680 1138 φασὶ
1708 1085 1751 1124 δὲ
1771 1086 2061 1133 Δευκαλίωνος

495 1156 575 1204 μὲν
621 1153 822 1206 ’Ἑλληνα
868 1158 992 1204 εἶναι,
1043 1160 1189 1195 τοῦτον
1236 1155 1280 1195 δὲ
1327 1161 1422 1210 περὶ
1470 1161 1543 1208 τὴν
1591 1157 1735 1196 Φθίαν
1777 1161 1858 1195 τῶν
1903 1158 2060 1207 μεταξὺ

496 1224 686 1276 Πηνειοῦ
717 1229 789 1264 καὶ
828 1225 1023 1266 Ἀσωποῦ
1057 1226 1365 1266 δυναστεύοντα
1398 1231 1451 1278 τῷ
1483 1228 1755 1281 πρεσβυτάτῳ
1787 1232 1868 1266 τῶν
1895 1227 2061 1267 παίδων

494 1295 764 1348 παραδοῦναι
798 1299 870 1347 τὴν
902 1299 1052 1350 ἀρχήν,
1087 1301 1180 1344 τοὺς
1212 1295 1417 1344 δ’ἄλλους
1444 1299 1521 1347 ἔξω
1546 1297 1789 1349 διαπέμψαι
1808 1298 2062 1350 ζητήσοντας

454 1385 462 1391 «
493 1364 659 1419 ἵδρυσιν
677 1368 853 1407 ἕκαστον
871 1370 996 1420 αὑτῷ.
1015 1371 1073 1407 ὧν
1092 1369 1229 1422 Δῶρος
1244 1371 1325 1419 μὲν
1342 1372 1435 1416 τοὺς
1466 1373 1561 1422 περὶ
1594 1368 1861 1422 Παρνασσὸν
1879 1368 2062 1422 Δωριέας

497 1440 740 1485 συνοικίσας
771 1439 998 1478 κατέλιπεν
1031 1441 1280 1490 ἐπωνύμους
1312 1442 1455 1489 αὑτοῦ,
1502 1439 1670 1486 Ξοῦθος
1712 1439 1756 1478 δὲ
1796 1443 1868 1490 τὴν
1910 1437 2061 1493 Ἐρεχ-

496 1508 606 1554 θέως
637 1509 853 1563 θυγατέρα
886 1513 1023 1561 γήμας
1055 1512 1180 1561 ᾤκισε
1213 1514 1285 1561 τὴν
1318 1511 1568 1563 τετράπολιν
1601 1515 1668 1562 τῆς
1687 1508 1884 1561 Ἀττικῆς,
1908 1510 2061 1562 Οἰνόην

495 1577 758 1632 ῙὶῙαραθῶνα
813 1579 1135 1632 Προβάλινθον
1192 1585 1263 1620 καὶ
1325 1581 1627 1635 Τρικόρυνθον.
1687 1586 1768 1620 τῶν
1824 1580 1868 1619 δὲ
1915 1583 2061 1620 τούτου

495 1648 662 1689 παίδων
702 1647 878 1702 Ἀχαιὸς
917 1653 998 1702 μὲν
1041 1653 1175 1703 φόνον
1213 1653 1417 1692 ἀκούσιον
1449 1653 1613 1705 πράξας
1645 1653 1799 1703 ἔφυγεν
1831 1654 1890 1699 εἰς
1921 1650 2061 1691 Λακε-

495 1775 765 1808 haecvocabula
781 1779 1078 1810 nontamcertum
1097 1778 1315 1810 colorem
1339 1785 1445 1818 quam
1469 1779 1733 1811 candorem
1756 1778 1810 1810 vel
1835 1778 2060 1818 fulgorem

494 1828 671 1861 indicasse
695 1830 865 1862 videntur.
889 1830 1002 1871 Vulgo
1026 1831 1168 1871 quidem
1199 1831 1343 1875 ξανθός
1376 1831 1535 1864 vertitur:
1567 1831 1689 1869 flavus,
1714 1840 1804 1871 quae
1827 1831 2061 1871 interpretatio

493 1880 608 1911 tamen
642 1879 686 1911 ab
719 1881 816 1913 omni
851 1884 947 1921 parte
980 1890 1061 1915 vera
1097 1891 1166 1915 non
1203 1886 1273 1922 est;
1307 1884 1513 1916 Aristoteles
1537 1883 1670 1922 saltem,
1694 1884 1752 1923 qui
1777 1884 1890 1916 solem
1915 1882 2062 1926 ξανθόν

495 1933 597 1964 vocat
620 1933 651 1964 et
675 1932 782 1970 Plato,
806 1934 865 1973 qui
890 1935 993 1967 dicit:
1017 1935 1202 1982 λαμπρόν
1220 1950 1256 1971 τε
1273 1936 1426 1982 ἐρυθρῷ
1441 1935 1569 1980 λευκῷ
1586 1949 1621 1970 τε
1639 1938 1899 1981 διιειγνύιιιενον
1914 1935 2061 1980 ξανθὸν

494 1984 626 2029 γέγονε
653 1984 766 2023 primo
790 1985 870 2018 loco
893 1987 1105 2026 splendendi
1140 1989 1322 2021 notionem
1352 1989 1532 2021 illustrant.
1563 1988 1615 2021 De
1639 1989 1745 2021 altero
1769 1989 1944 2021 vocabulo
1967 1987 2060 2021 idem

495 2037 644 2068 statuere
680 2036 761 2068 licet
795 2044 813 2069 e
846 2039 964 2071 verbis
999 2040 1174 2080 Hesychii,
1198 2042 1257 2081 qui
1283 2041 1430 2085 ξανθόν
1453 2041 1699 2074 tantummodo
1723 2041 1766 2073 de
1789 2041 1907 2073 colore
1930 2040 2061 2072 dictum

495 2087 674 2127 accipiens
709 2088 795 2121 haec
830 2090 934 2123 habet
967 2099 994 2124 s.
1018 2101 1048 2124 v.
1084 2093 1247 2137 ξουθόςῑ
1284 2096 1328 2128 οὐ
1361 2096 1483 2140 μόνον
1517 2093 1671 2137 ξανθός,
1697 2093 1805 2127 ἀλλὰ
1832 2094 1895 2127 καὶ
1922 2092 2062 2134 λευκὸς

496 2141 560 2174 καὶ
587 2141 743 2185 πυρρός,
779 2142 798 2173 i.
823 2150 862 2174 e:
903 2151 973 2176 non
1014 2145 1129 2177 solum
1171 2146 1293 2184 flavus,
1335 2147 1398 2179 sed
1440 2147 1543 2179 etiarn
1585 2153 1635 2178 ca
1650 2154 1669 2177 n
1684 2146 1705 2178 d
1720 2146 1728 2177 i
1743 2146 1763 2177 d
1779 2154 1798 2178 u
1814 2153 1831 2178 s
1871 2147 1903 2178 et
1935 2145 2061 2184 fulvus,

495 2192 678 2225 Candendi
721 2193 820 2225 notio
859 2195 992 2235 optime
1033 2198 1197 2230 convenit
1231 2198 1311 2231 huic
1345 2198 1531 2234 adiectivo,
1565 2197 1661 2237 quod
1687 2199 1810 2237 poetae
1833 2198 2061 2230 attribuerunt

495 2246 671 2286 equigallo
706 2246 754 2279 illi
789 2247 967 2287 fabuloso,
1001 2251 1057 2291 api
1094 2252 1214 2284 eiusve
1238 2253 1315 2290 alis,
1338 2252 1508 2285 lusciniae
1532 2251 1652 2284 eiusve
1676 2252 1799 2288 rostro,
1822 2252 1960 2291 aquilae
1984 2252 2060 2289 alis,

494 2299 747 2332 Dioscurorum
771 2299 837 2332 alis
860 2300 978 2340 (locos
1003 2304 1143 2343 collegit
1165 2313 1196 2337 v.
1219 2304 1390 2337 Leeuwen
1415 2305 1458 2337 ad
1482 2304 1585 2336 Arist.
1605 2303 1741 2336 Av.213
1755 2304 1832 2343 sq).
1846 2304 1903 2336 Sic
1917 2304 2058 2336 demum

495 2352 731 2392 intellegimus
771 2354 984 2388 vocabulum
1028 2356 1200 2390 interdum
1241 2358 1395 2390 valuisse
1430 2359 1450 2390 i.
1485 2366 1516 2397 q.
1551 2359 1677 2403 ταχύς,
1704 2358 1804 2394 celer,
1838 2365 1866 2390 e·
1901 2366 1932 2397 g·
1965 2358 2059 2398 apud

494 2405 721 2441 Athenaeum,
745 2405 804 2437 ubi
828 2406 1013 2440 adhibetur
1036 2409 1079 2441 de
1103 2410 1216 2442 ventis
1239 2410 1375 2450 (Athen.
1399 2418 1431 2450 p.
1454 2410 1516 2443 608
1528 2410 1583 2451 D).
1604 2410 1838 2443 Similimodo
1850 2409 2060 2442 adiectivum

498 2457 675 2500 ,,αἰόλος”
703 2457 882 2498 duplicem
906 2462 1088 2495 notionem
1113 2463 1262 2504 fulgoris
1286 2465 1318 2495 et
1341 2464 1530 2497 celeritatis
1554 2464 1745 2503 coniungit.
1770 2462 1863 2495 Haec
1886 2463 2061 2495 candendi

495 2511 592 2542 notio
616 2507 754 2549 egregie
778 2511 920 2548 quidem
945 2513 1091 2552 quadrat
1115 2514 1148 2546 in
1173 2514 1382 2554 Apollinem,
1408 2515 1584 2553 „lucidum
1608 2514 1695 2547 caeli
1719 2513 1860 2551 decus’',
1877 2515 1935 2553 qui
1960 2513 2060 2546 Pind.

495 2563 549 2596 Ol.
574 2562 627 2595 Vll
660 2562 701 2594 32
723 2566 969 2611 χρυσοκόμας
992 2566 1099 2599 audit.
1123 2567 1163 2599 At
1188 2567 1330 2612 ξουθός
1352 2567 1481 2607 Apollo
1505 2575 1678 2607 nusquam
1698 2584 1738 2589 —-
1761 2568 1929 2606 quantum
1954 2567 2060 2600 hodie

496 2614 629 2647 scimus
652 2633 692 2638 —
714 2618 868 2650 vocatur.

539 2667 569 2705 l)
598 2666 687 2700 Prol.
717 2678 745 2701 z.
776 2669 883 2710 Myth.
911 2676 945 2710 p.
969 2670 1030 2703 273
1053 2679 1104 2711 sq.
1129 2671 1255 2704 Postea
1279 2672 1375 2704 multi
1401 2679 1479 2705 eum
1504 2672 1614 2704 secuti
1640 2672 1729 2709 sunt,
1753 2671 1896 2704 totidem
1921 2671 2059 2711 impug-

494 2723 679 2758 naverunt;
705 2723 804 2755 locos
829 2723 999 2756 collectos
1022 2724 1090 2757 vid.
1114 2726 1209 2765 apud
1234 2724 1432 2765 Ermating„
1457 2725 1521 2758 Att.
1545 2725 1622 2757 Aut.
1647 2725 1737 2764 Sage
1764 2724 1830 2757 120.

493 2823 551 2865 48
