2174 3374
537 517 656 561 Olim
693 519 824 573 igitur
857 518 1135 572 Hyacinthus
1169 519 1281 561 deus
1309 531 1409 561 cum
1446 518 1822 572 Hyacinthidibus
1852 519 1895 560 in
1917 518 2034 572 Hya—

478 590 629 631 cintho
664 591 812 630 monte
846 589 1098 637 colebatur;
1133 601 1248 643 quae
1282 590 1570 632 necessitudo
1605 590 1716 631 inter
1735 589 2034 643 Hyacinthum

478 662 519 701 et
552 659 874 713 Hyacinthides
908 660 1210 702 intercesserit
1242 684 1295 687 —
1331 665 1474 702 utrum
1508 660 1579 702 dei
1612 660 1730 702 filiae
1762 672 1817 702 an
1847 661 2035 703 comites

476 731 639 772 fuerint
687 753 739 757 —
789 731 832 771 in
881 731 1031 773 medio
1081 732 1161 773 erit
1209 731 1567 785 relinquendum.
1614 730 1890 785 Hyacinthus
1935 731 2033 785 ipse

477 801 620 856 magis
674 801 909 856 magisque
957 801 1188 844 oblivione
1236 802 1424 844 obrutus
1468 804 1534 844 est
1573 804 1614 844 et
1647 802 1795 844 locum
1830 800 2034 855 Dionyso

477 872 671 914 cessisse
728 872 916 922 videtur,
976 873 1051 927 qui
1111 875 1269 927 postea
1318 873 1361 915 in
1411 873 1570 915 eodem
1620 874 1769 914 monte
1818 872 2034 926 templum

477 943 632 984 habuit
655 944 707 993 ¹).
742 942 1088 997 Hyacinthidum
1125 944 1271 986 cultus
1305 947 1452 986 tamen
1489 943 1735 997 permansit
1769 945 1810 985 et
1838 943 2034 996 denique

475 1012 672 1056 Athenas
720 1014 960 1056 translatus
1009 1017 1089 1065 est,
1136 1015 1211 1057 ubi
1262 1026 1406 1068 usque
1450 1015 1506 1057 ad
1549 1013 1809 1057 Philochori
1845 1015 2034 1056 aetatem

477 1095 563 1126 una
611 1095 712 1126 cum
762 1084 966 1139 Dionyso
1016 1086 1302 1137 colebantur;
1352 1084 1652 1128 Philochorus
1696 1086 1813 1128 enim
1855 1085 2036 1127 tradidit

476 1166 602 1196 sacra
645 1154 864 1197 abstemia
895 1156 1081 1198 factitari
1123 1158 1309 1209 Διονύσῳ
1343 1173 1382 1197 τε
1413 1163 1485 1197 καὶ
1518 1163 1606 1205 ταῖς
1632 1155 1872 1210 Ἐρεχθέως
1902 1157 2035 1208 θυγα-

476 1229 594 1279 τράσι
628 1223 697 1278 (fr.
731 1225 820 1277 31).

532 1295 775 1338 Athenis
811 1297 928 1339 hunc
962 1298 1128 1340 cultum
1164 1298 1364 1340 habitum
1395 1309 1495 1340 esse
1530 1297 1830 1340 Philochorus
1849 1296 2032 1350 quidem

476 1378 564 1408 non
618 1367 756 1418 addit,
805 1369 884 1410 sed
934 1369 1045 1411 haec
1088 1370 1226 1411 verba
1268 1367 1504 1412 Ciceronis
1538 1368 1700 1410 docere
1735 1369 1927 1422 possunt
1959 1365 2035 1418 (de

475 1440 561 1479 nat.
596 1438 717 1480 deor.
753 1438 800 1480 ΙΙΙ
839 1439 903 1489 19,
938 1437 1038 1493 50);
1076 1439 1247 1494 „Atque
1282 1440 1325 1481 in
1360 1440 1589 1494 plerisque
1619 1438 1876 1481 civitatibus
1905 1437 2035 1479 intel-

475 1508 561 1563 legi
612 1511 761 1562 potest
803 1511 1037 1565 augendae
1087 1511 1261 1553 virtutis
1310 1511 1568 1566 gratia....
1612 1511 1806 1552 virorum
1854 1508 2034 1550 fortium

475 1580 734 1621 memoriam
755 1581 924 1623 honore
945 1582 1130 1623 deorum
1150 1582 1466 1623 immortalium
1487 1582 1807 1623 consecratam.
1845 1577 1917 1622 Ob
1938 1590 2035 1621 eam

475 1648 591 1690 enim
641 1648 786 1701 ipsam
836 1660 1017 1692 causam
1064 1649 1424 1692 Erechtheus
1468 1648 1711 1692 Athenis
1743 1649 2034 1703 filiaeque

475 1719 601 1760 eius
649 1719 692 1760 in
742 1730 927 1760 numero
976 1718 1161 1760 deorum
1211 1720 1326 1760 sunt.
1371 1717 1626 1771 itemque
1669 1717 1934 1760 Leontidum
1969 1719 2036 1760 est

474 1789 710 1832 delubrum
744 1788 1002 1840 Athenis,
1038 1789 1161 1843 quod
1191 1789 1439 1831 Leocorion
1474 1788 1771 1830 nominatur''.

533 1860 651 1903 Idem
701 1860 889 1902 efficitur
937 1872 959 1902 e
1009 1860 1110 1902 loco
1152 1859 1435 1914 Apollodori,
1475 1860 1561 1902 iam
1602 1870 1738 1913 supra
1760 1857 1802 1913 2)
1837 1859 2033 1910 laudato,

475 1932 549 1973 ubi
609 1931 933 1985 Hyacinthides
983 1931 1103 1985 apud
1155 1929 1359 1974 Geraesti
1419 1931 1637 1973 tumulum
1687 1942 1712 1972 a
1761 1932 1899 1984 patre,
1957 1931 2032 1984 qui

474 2002 812 2045 Lacedaemone
871 2001 1125 2045 Athenas
1184 2002 1599 2056 commigravisset,
1659 2001 1885 2056 iugulatae
1933 2012 2033 2044 esse

474 2073 704 2124 dicuntur;
755 2073 878 2127 quod
928 2074 1098 2115 indicat
1147 2084 1222 2115 eas
1271 2073 1439 2115 ibidem
1490 2072 1634 2114 cultas
1681 2072 1836 2115 fuisse.
1872 2072 2032 2115 Earum

474 2144 709 2186 delubrum
760 2144 802 2185 in
853 2155 953 2186 arce
1000 2144 1141 2186 fuisse
1185 2144 1440 2197 suspicatur
1483 2142 1649 2186 Escher
1682 2143 1802 2197 apud
1835 2142 2033 2197 Pauly—

474 2214 608 2257 Wiss.
653 2214 705 2257 Vl
747 2215 857 2265 40&
892 2215 1010 2257 idem
1045 2215 1198 2257 statuit
1231 2214 1296 2257 Fr.
1333 2212 1556 2257 Schwenn
1577 2211 1626 2267 3).
1662 2213 1792 2257 Unde
1825 2214 2032 2265 habeant,

474 2296 562 2326 non
607 2285 790 2327 addunt.
831 2285 876 2327 In
907 2297 996 2340 qua
1029 2288 1152 2340 parte
1188 2285 1311 2327 urbis
1346 2283 1550 2328 Geraesti
1587 2282 1804 2339 Cyclopis
1835 2285 2034 2328 tumulus

472 2355 614 2404 tuerit,
652 2356 787 2398 hodie
821 2357 1095 2411 ignoramus.

533 2427 683 2481 ltaq'ue
732 2426 1031 2470 Athenienses
1082 2428 1124 2469 in
1174 2427 1282 2469 urbe
1332 2438 1414 2469 sua
1457 2427 1656 2481 virgines
1689 2427 1908 2480 quasdam
1945 2439 2032 2469 una

517 2559 546 2598 1)
569 2568 598 2590 v.
624 2559 777 2599 Gruppe,
802 2559 860 2593 Gr.
884 2560 989 2600 Myth.
1014 2569 1045 2600 p.
1069 2560 1119 2592 46.

513 2612 546 2650 2)
569 2620 598 2644 ν.
623 2621 654 2652 p.
678 2613 728 2645 29.

513 2665 546 2703 3)
570 2665 634 2697 Die
665 2665 961 2706 Menschenopfer
985 2666 1039 2698 bei
1065 2667 1132 2698 den
1157 2665 1330 2698 Griechen
1355 2667 1426 2698 und
1451 2665 1599 2700 Romern
1624 2674 1655 2706 p.
1682 2665 1755 2697 131:
1788 2667 1860 2703 „sie
1885 2666 2028 2698 wurden

473 2717 530 2749 auf
553 2719 613 2749 der
635 2718 728 2758 Burg
751 2720 784 2750 in
809 2719 920 2751 Athen
944 2727 1151 2755 zusammen
1174 2719 1234 2750 mit
1257 2718 1344 2751 oder
1367 2719 1431 2751 wie
1455 2718 1637 2758 Dionysos
1660 2719 1824 2751 verehrt''.

472 2820 529 2861 32
