2174 3374
196 495 412 538 sacerdos
445 498 831 548 commemoratur,
867 497 989 551 quod
1024 497 1259 552 neglegere
1294 509 1382 539 non
1417 497 1683 551 potuissent,
1718 496 1755 539 si

197 577 351 609 revera
381 565 558 621 Aegeus
591 568 838 610 sacerdotis
872 568 1039 610 indicio
1060 571 1312 611 commotus
1330 568 1537 611 Medeam
1559 568 1756 622 expulis-

197 638 264 679 set
306 638 348 680 et
389 637 464 680 illa
508 641 656 692 partes
696 639 803 681 tanti
849 640 1061 682 momenti
1097 640 1140 681 in
1173 639 1326 682 tabula
1359 640 1537 694 egisset.
1573 638 1756 681 Accedit

196 708 318 761 quod
353 708 456 751 huic
489 709 679 752 Medeae
713 710 995 752 adversariae
1025 710 1174 753 nullus
1203 713 1270 753 est
1297 710 1424 753 locus
1453 711 1496 752 in
1526 709 1756 764 Euripidis

195 779 438 834 tragoedia.
469 779 640 831 Versio,
670 792 803 834 quam
834 780 1036 836 Hyginus
1064 781 1197 823 nobis
1215 782 1421 832 servavit,
1441 781 1496 823 ab
1516 780 1757 835 Euripidea

196 848 329 904 plane
357 849 535 893 diversa
562 853 629 893 est
658 861 803 904 neque
832 863 933 893 cum
963 863 1014 893 ea
1033 851 1366 894 contundenda.
1388 851 1581 893 Fabulae
1600 851 1754 902 forma,

195 920 311 962 sicut
343 921 464 975 apud
499 921 722 976 Hyginum
757 924 913 972 exstat,
958 922 1124 964 nullam
1158 922 1322 965 Thesei
1357 923 1573 964 rationem
1609 922 1754 973 habet,

195 990 275 1033 sed
308 991 472 1034 Medea
504 991 560 1034 ab
594 1003 695 1047 rege
730 992 833 1035 ideo
861 992 903 1035 in
933 993 1140 1036 exsilium
1171 993 1366 1044 mittitur,
1386 993 1508 1046 quod
1527 994 1754 1046 tamquam

196 1061 355 1104 mulier
400 1063 602 1105 venetica
651 1065 692 1106 et
741 1064 957 1107 scelerata
1006 1065 1235 1119 impediat,
1286 1076 1339 1107 ne
1388 1064 1546 1106 litetur.
1580 1063 1758 1118 Aegeus

196 1132 465 1187 Euripideus
507 1136 654 1176 tamen
700 1135 881 1177 minime
925 1135 983 1177 ob
1028 1147 1154 1178 sacra
1198 1136 1420 1189 quaedam
1454 1134 1640 1185 turbata,
1675 1135 1755 1177 sed

195 1203 255 1246 ob
289 1204 478 1247 insidias
509 1205 602 1247 filio
636 1217 718 1248 suo
753 1217 778 1248 a
811 1217 1004 1248 noverca
1037 1208 1227 1249 structas
1257 1207 1545 1260 detectasque
1575 1217 1672 1248 eam
1703 1217 1756 1248 ex
1798 1219 1807 1225 ·

195 1286 333 1331 regno
367 1276 483 1318 eicit.

253 1345 550 1400 Nequaquam
586 1347 717 1402 igitur
745 1347 916 1390 Dianae
946 1348 1224 1390 sacerdotem
1255 1349 1339 1390 huc
1366 1348 1625 1390 trahendam
1656 1359 1756 1390 esse

195 1429 376 1468 censeo,
426 1418 562 1460 immo
612 1420 803 1460 statuere
853 1419 1017 1469 malim,
1062 1418 1319 1472 Euripidem
1365 1418 1612 1461 sacerdotis
1656 1430 1756 1472 per-

195 1500 367 1539 sonam,
410 1490 636 1542 tamquam
681 1489 892 1531 dramatis
935 1490 1001 1531 sui
1048 1490 1342 1531 oeconomiae
1377 1489 1756 1539 molestissimam,

192 1559 403 1602 consulto
453 1571 507 1601 ex
549 1559 701 1601 fabula
744 1560 969 1602 amovisse
1015 1561 1056 1602 et
1100 1559 1322 1615 Hyginum
1368 1561 1451 1602 hoc
1497 1560 1598 1602 loco
1643 1560 1756 1601 anti-

195 1630 441 1685 quissimae
474 1631 697 1673 versionis
729 1631 967 1686 vestigium
1003 1631 1270 1673 servavisse.
1296 1629 1332 1682 ¹>

253 1700 367 1752 Quis
400 1703 546 1744 autem
580 1701 716 1743 verba
749 1702 954 1753 minacia,
990 1703 1074 1744 hoc
1108 1701 1357 1757 fragmento
1394 1712 1622 1756 expressa,
1641 1698 1756 1755 'pro-

195 1772 476 1824 nuntiaverit,
512 1784 592 1827 pro
628 1775 746 1814 certo
781 1773 999 1816 affirmare
1035 1785 1123 1815 non
1159 1774 1327 1823 ausim;
1368 1775 1559 1827 possunt
1591 1784 1699 1815 sane
1734 1784 1757 1814 a

196 1843 357 1886 Medea
400 1843 443 1885 in
487 1842 686 1898 Aegeum
730 1843 848 1886 dicta
889 1855 1003 1895 esse,
1049 1847 1094 1886 ut
1137 1842 1456 1895 Welckerus2)
1501 1843 1757 1898 suspicatus

195 1916 276 1966 est,
309 1926 582 1969 quamquam
616 1926 772 1957 vereor
806 1926 860 1957 ne
894 1915 1135 1957 audaciora
1178 1915 1265 1956 sint
1299 1915 1340 1956 in
1375 1926 1450 1957 ore
1485 1915 1594 1965 eius,
1629 1915 1756 1957 cuius

192 1984 369 2028 fortuna
412 1998 465 2028 ex
508 1987 625 2041 regis
669 1985 850 2028 arbitrio
895 1987 1100 2040 pendeat.
1149 1984 1304 2027 Potius
1347 1986 1523 2027 credam
1559 1984 1754 2040 Aegeum

193 2056 305 2099 haec
349 2056 486 2099 verba
529 2057 764 2099 iactantem
805 2057 1006 2099 mulieris
1038 2057 1225 2098 detectis
1260 2057 1390 2098 etiam
1426 2056 1602 2098 insidiis
1636 2067 1756 2097 arro-

192 2127 340 2182 gantis
373 2127 570 2182 linguam
607 2139 842 2182 procacem
879 2127 1167 2182 praecludere
1201 2127 1415 2169 voluisse.

252 2197 380 2240 Nunc
423 2199 630 2241 venimus
674 2199 729 2240 ad
774 2199 1101 2252 quaestionem,
1136 2209 1213 2240 cur
1245 2198 1423 2239 tandem
1458 2197 1621 2240 Medea
1657 2197 1756 2239 illas

194 2268 384 2311 insidias
416 2269 596 2312 Theseo
630 2269 848 2311 struxerit.
884 2267 1001 2311 Satis
1034 2269 1244 2310 miramur
1271 2268 1385 2310 hanc
1416 2280 1504 2310 rem
1536 2280 1682 2322 neque
1711 2268 1755 2310 in

195 2339 371 2382 scholio
396 2351 543 2393 neque
572 2341 691 2394 apud
723 2338 1005 2382 Plutarchum
1027 2339 1118 2381 ullo
1137 2340 1274 2381 verbo
1294 2339 1462 2393 attingi,
1482 2350 1753 2393 quamquam

195 2410 250 2453 de
298 2410 463 2453 Thesei
511 2410 763 2466 biographo
808 2411 892 2453 hoc
935 2410 1124 2453 tortasse
1165 2410 1324 2453 melius
1363 2410 1559 2465 intellegi
1595 2412 1755 2464 potest,

240 2597 270 2636 1)
300 2596 342 2630 cf.
375 2605 404 2629 ν.
438 2597 574 2629 Wilam.
600 2597 745 2629 Hermes
775 2597 831 2628 XV
867 2605 897 2637 p.
920 2597 990 2634 485,
1025 2597 1083 2636 qui
1119 2597 1161 2628 de
1197 2597 1261 2628 hac
1295 2597 1412 2629 fabula
1446 2597 1627 2629 observat:
1657 2597 1755 2635 „eine

194 2649 323 2682 andere
346 2649 447 2690 Sage,
471 2650 527 2682 die
551 2651 778 2682 entschieden
803 2650 869 2682 den
895 2651 1070 2682 Eindruck
1095 2650 1203 2682 hoher
1226 2649 1560 2682 Alterthiimlichkeit
1584 2650 1730 2683 macht.'’

237 2702 270 2743 2)
294 2703 352 2737 Gr.
374 2703 476 2744 Trag.
500 2703 509 2735 l
533 2703 603 2736 732.

1700 2808 1756 2850 59
