2174 3374
150 517 380 571 praeterea
411 540 464 544 —-
502 518 624 571 quod
669 518 838 561 scimus
871 542 925 546 —
959 517 1140 561 tradidit
1173 516 1354 571 Hyades
1388 526 1488 560 esse
1522 515 1704 558 easdem

147 588 282 641 atque
315 586 549 631 Erechthei
582 589 699 632 filias
723 588 777 644 ¹).

207 656 489 712 Relinquitur
536 662 582 702 ut
629 660 924 704 observemus
970 660 1110 703 fuisse
1155 660 1231 714 qui
1282 659 1414 709 idem,
1473 658 1595 712 quod
1650 658 1704 700 de

146 727 429 772 Erechthidis
473 732 785 786 cognovimus,
830 732 885 774 de
929 729 1148 785 Cecropis
1189 730 1368 772 filiabus
1410 729 1597 771 tradant.
1632 726 1704 771 Sic

147 799 339 854 legimus
385 801 507 854 apud
558 801 801 856 Ulpianum
852 803 894 844 in
943 801 1177 845 Demosth.
1228 800 1294 843 De
1336 800 1450 842 falsa
1482 799 1705 854 legatione

145 871 173 912 t.
207 869 246 921 5,
281 882 323 924 p.
362 871 457 923 117,
491 871 548 913 B:
583 874 824 927 ’Ἄγραυλος
856 879 927 913 καὶ
958 874 1094 927 “Ἐρση
1122 878 1192 912 καὶ
1210 872 1462 925 Πάνδροσος
1479 872 1707 924 θυγατέρες

145 941 379 995 Κέκροπος,
412 945 466 989 ὥς
499 958 628 995 φησιν
660 946 682 983 ὁ
716 944 965 998 Φιλόχορος.
999 943 1180 994 Λέγουσι
1207 942 1262 992 δὲ,
1299 946 1357 982 ὅτι
1387 943 1580 992 πολέμου
1599 956 1706 992 συμ-

143 1013 297 1062 βάντος
329 1017 412 1059 τοῖς
455 1013 716 1066 Ἀθηναίοις,
762 1018 865 1055 ὥστε
896 1015 1129 1065 Εὔμολπος
1161 1016 1403 1067 ἐστράτευσε
1434 1010 1522 1051 κατ’
1557 1008 1706 1065 Ἐρεχ-

144 1083 268 1131 θέως,
301 1088 373 1122 καὶ
403 1087 701 1136 μηκυνομένου
736 1088 894 1135 τούτου,
929 1088 1106 1138 ἔχρησεν
1139 1087 1160 1123 ὁ
1191 1082 1421 1123 Ἀπόλλων
1449 1083 1707 1134 ἀπαλλαγή-

146 1154 315 1198 σεσθαι,
363 1155 439 1193 ἐάν
486 1171 544 1203 τις
591 1157 725 1209 ἀνέλῃ
773 1159 924 1196 ἑαυτὸν
972 1159 1077 1209 ὑπὲρ
1126 1161 1193 1207 τῆς
1240 1155 1416 1201 πόλεως,
1466 1154 1533 1192 uH
1567 1157 1707 1193 τοίνυν

145 1223 386 1277 ’Ἄγραυλος
433 1227 589 1266 ἑκοῦσα
636 1229 766 1278 αὑτὴν
808 1227 1007 1277 ἐξέδωκεν
1049 1230 1107 1273 εἰς
1148 1228 1352 1265 θάνατον.
1402 1225 1586 1278 ”Ερριψε
1627 1228 1707 1277 γὰρ

145 1295 297 1346 ἑαυτὴν
338 1297 383 1334 ἐκ
424 1301 495 1336 τοῦ
528 1301 702 1351 τείχους.
736 1298 857 1347 Εἶτα,
893 1299 1216 1349 ἀπαλλαγέντος
1249 1300 1319 1336 τοῦ
1352 1296 1558 1346 πολέμου,
1593 1298 1707 1348 ἱερὸν

143 1366 250 1419 ὑπὲρ
266 1367 411 1405 τούτου
429 1369 654 1420 ἐστήσαντο
676 1372 791 1422 αὐτῇ,
816 1373 935 1423 παρὰ
957 1373 1005 1408 τὰ
1037 1369 1288 1421 προπύλαια
1321 1372 1388 1418 τῆς
1421 1367 1704 1420 ἀκροπόλεως.

204 1433 287 1477 Hic
321 1435 454 1491 igitur
486 1438 542 1480 de
577 1451 665 1481 una
700 1450 754 1482 ex
788 1437 1007 1493 Cecropis
1040 1438 1221 1480 filiabus
1255 1437 1372 1479 idem
1400 1435 1490 1478 fere
1511 1438 1708 1477 narratur

145 1505 268 1560 quod
302 1508 344 1548 et
376 1509 498 1562 apud
533 1509 794 1565 Euripidem
830 1512 872 1553 et
906 1511 948 1552 in
978 1508 1254 1552 Phanodemi
1273 1507 1451 1550 Atthide
1472 1506 1705 1548 Erechthei

144 1575 262 1619 filiae
297 1578 555 1622 attributum
590 1581 801 1625 vidimus.

204 1647 349 1703 Vulgo
398 1649 510 1691 haec
559 1650 725 1701 omnia,
775 1661 890 1704 quae
941 1659 996 1691 ex
1031 1648 1227 1702 Ulpiano
1261 1646 1400 1696 attuli,
1435 1644 1706 1687 Philochoro

144 1715 525 1772 adiudicantur2).
561 1717 696 1769 Quod
730 1718 766 1760 si
787 1729 939 1760 verum
960 1719 1093 1766 esset,
1113 1728 1203 1758 non
1233 1715 1378 1758 solum
1409 1712 1707 1755 Philochorus

145 1788 438 1832 Phanodemo
473 1788 716 1832 oblocutus
750 1791 870 1832 esset
905 1811 956 1816 —
993 1788 1117 1842 quod
1152 1797 1260 1829 sane
1294 1785 1440 1827 facere
1475 1784 1619 1838 potuit
1650 1806 1707 1809 —

146 1860 225 1903 sed
275 1861 407 1903 etiam
450 1850 612 1903 frustra
655 1860 928 1914 quaerimus,
973 1858 1106 1913 quale
1140 1858 1316 1900 facinus
1350 1856 1505 1898 divino
1537 1855 1706 1896 honore

145 1931 330 1986 dignum
364 1943 717 1974 commemorare
752 1931 976 1986 potuisset
1008 1930 1063 1972 de
1098 1928 1394 1978 Erechthidis,
1424 1926 1459 1968 si
1481 1937 1569 1967 non
1590 1924 1706 1973 illae,

145 2002 226 2044 sed
274 2001 496 2058 Aglaurus
544 2003 588 2044 in
637 2002 759 2045 bello
808 2004 962 2044 contra
1011 2000 1280 2054 Eumolpum
1325 1999 1451 2053 gesto
1496 2007 1543 2038 se
1578 1995 1707 2040 morti

145 2072 399 2116 obtulisset.
449 2073 561 2117 Nam
605 2072 924 2116 Philochorum
976 2072 1030 2114 de
1078 2070 1274 2126 Aglauro
1318 2071 1359 2111 et
1387 2068 1442 2110 de
1471 2065 1706 2109 Erechthei

143 2143 326 2187 filiabus
369 2144 488 2188 idem
533 2145 773 2187 tradidisse
819 2143 1084 2186 incredibile
1119 2144 1197 2184 est.
1231 2140 1416 2183 Accedit
1449 2138 1572 2192 quod
1607 2137 1707 2190 ipsa

189 2300 219 2341 1)
242 2300 370 2335 Robert
392 2303 506 2333 tamen
531 2301 565 2332 in
588 2308 672 2332 vase
691 2299 846 2340 quodam
867 2299 979 2331 Attico
992 2297 1242 2338 agnoscit„die
1256 2297 1308 2328 als
1322 2294 1466 2335 Hyaden
1481 2291 1707 2325 heroisierten

145 2353 515 2387 Erechtheustochter'’
537 2353 712 2393 (Arctiaol.
736 2351 1091 2385 Marchenzphilol.
1116 2351 1251 2383 Unters.
1274 2350 1302 2381 X
1325 2357 1356 2388 p.
1384 2348 1441 2380 186
1464 2347 1541 2386 sq).

187 2407 327 2448 Hyades
361 2409 394 2439 et
424 2407 676 2447 Hyacinthides
710 2414 817 2445 saepe
851 2406 937 2437 inter
971 2413 1009 2437 se
1043 2404 1212 2437 confusas
1246 2411 1324 2435 esse
1359 2402 1499 2442 propter
1522 2399 1706 2431 nominum

145 2460 413 2493 similitudinem
447 2461 572 2493 mirum
607 2468 678 2491 non
713 2461 774 2492 est.
808 2459 952 2491 Accedit
984 2459 1079 2497 quod
1115 2457 1255 2498 Hyades
1289 2463 1431 2496 quoque
1455 2460 1534 2486 cum
1558 2452 1694 2491 Dionys

144 2514 237 2546 cultu
258 2513 471 2546 coniunctae
494 2515 601 2546 erant.
621 2513 747 2545 Iniuria
766 2512 888 2545 Maass
912 2512 1041 2555 Ὑάδες
1064 2511 1213 2543 breviter
1227 2510 1358 2542 dictum
1379 2516 1459 2541 esse
1473 2516 1536 2548 pro
1560 2505 1707 2540 Ὑακιν-

145 2564 253 2608 θίὸες
278 2566 458 2598 contendit
480 2565 642 2606 (Hermes
666 2564 752 2597 XXV
776 2573 807 2604 p.
831 2564 892 2596 406
904 2565 967 2605 A.).

187 2619 222 2659 2)
245 2618 303 2651 Sic
326 2626 355 2650 e.
379 2627 411 2659 g.
434 2620 510 2659 ipse
534 2619 736 2656 Muellerus,
760 2619 819 2658 qui
844 2619 877 2650 in
903 2618 1018 2650 indice
1043 2617 1225 2650 nominum
1250 2617 1281 2648 et
1304 2623 1416 2648 rerum
1441 2623 1512 2648 s.v.
1535 2616 1708 2656 Agraulus

145 2671 231 2704 haec
255 2671 378 2704 habet:
414 2680 497 2712 „pro
521 2673 630 2712 patria
655 2672 778 2704 volens
802 2672 901 2704 morti
927 2680 1006 2704 sese
1038 2671 1142 2707 dedit,
1174 2670 1330 2702 Philoch.
1358 2669 1423 2700 14⁵*
1458 2670 1540 2701 Item
1564 2669 1708 2702 Preller-

146 2723 274 2758 Robert
297 2724 307 2756 1
331 2724 401 2762 201,
425 2725 493 2757 alii.

1649 2826 1705 2869 35
