2174 3374
400 525 448 573 ἦν
480 528 568 570 ταῖς
604 523 799 575 Ἀθήναις
830 528 913 571 τοῖς
945 538 985 563 τε
1016 522 1403 571 Χαλκωδονῑίὸαις,

398 596 439 632 οἳ
470 598 548 644 γῆν
579 592 722 646 ὲ’χουσ’
748 593 955 644 Εὐβοῖδα,
991 594 1198 645 πολέμιος
1229 593 1408 633 κλύδων.

220 660 410 704 Duabus
453 663 523 705 his
567 663 610 704 in
645 663 813 705 ultimis
847 663 980 706 rebus
1015 662 1334 706 Philochorum
1367 663 1531 706 famam
1566 663 1722 718 vulga-

159 734 246 775 tam
281 732 549 784 reddidisse,
583 733 841 788 Euripidem
877 736 1023 776 autem
1058 745 1252 777 novasse
1288 735 1577 789 perspicuum
1607 732 1722 785 est.¹)

164 803 420 846 Herodotus
468 804 585 846 enim
637 805 722 846 iam
774 805 927 847 auxilii
980 804 1332 847 Atheniensibus
1381 805 1436 847 ab
1486 805 1631 848 lone
1680 806 1723 847 in

162 874 282 917 bello
316 873 391 917 lati
420 875 694 917 mentionem
729 875 895 918 fecerat
923 873 1029 930 (Vlll
1063 872 1170 928 44):
1204 877 1355 923 Ἴωνος
1383 876 1427 916 δὲ
1453 881 1524 916 τοῦ
1552 877 1723 916 Ξούθου

163 948 428 1000 στρατάρχεω
461 949 692 998 γενομένου
726 945 991 999 Ἀθηναίοισι
1020 947 1270 998 ἐκλήθησαν
1298 949 1382 986 ἀπὸ
1401 949 1546 986 τούτου
1563 947 1723 994 Ἴωνες.

222 1015 279 1058 Ut
312 1015 444 1071 igitur
477 1016 562 1058 iam
598 1015 856 1059 Herodotus
890 1015 1008 1058 lonis
1042 1015 1258 1058 auxilium
1298 1018 1630 1068 commemorat,
1667 1017 1724 1059 ita

162 1086 218 1129 de
250 1086 398 1144 Xutho
430 1086 783 1130 Atheniensibus
816 1098 949 1141 opem
979 1086 1147 1130 ferente
1176 1089 1277 1129 ante
1306 1086 1565 1141 Euripidem
1596 1099 1725 1129 num-

163 1168 298 1211 quam
342 1158 563 1200 audimus.
608 1156 842 1200 Praeterea
886 1157 1125 1215 Euffiripides
1159 1159 1251 1200 toto
1286 1157 1499 1200 dramatis
1533 1157 1723 1201 decursu

163 1230 331 1271 mutare
375 1229 632 1284 cogebatur,
677 1231 723 1271 ut
764 1229 840 1283 qui
885 1228 977 1270 loni
1012 1240 1096 1272 suo
1131 1229 1212 1271 has
1248 1232 1396 1283 partes
1429 1228 1617 1271 bellicas
1650 1229 1725 1270 tri-

162 1298 299 1342 buere
347 1311 437 1342 non
486 1302 643 1354 posset
690 1299 915 1353 simulque
965 1310 1145 1342 causam
1193 1297 1389 1342 Creusae
1434 1311 1535 1341 cum
1575 1298 1724 1342 Xutho

164 1370 401 1424 peregrino
449 1371 718 1413 matrimonii
767 1373 1013 1425 quaereret.
1058 1369 1303 1425 Aptissime
1348 1370 1481 1425 igitur
1526 1369 1723 1412 Xuthum

163 1452 244 1495 pro
277 1440 381 1484 lone
414 1441 644 1484 substituit
676 1443 718 1484 et
751 1453 851 1484 eum
886 1453 966 1496 pro
1001 1441 1222 1484 beneficio
1243 1441 1286 1483 in
1316 1441 1611 1484 Erechtheum
1631 1441 1726 1484 col-

163 1511 252 1553 lato
286 1511 404 1567 regis
435 1511 571 1554 filiam
607 1513 650 1554 in
685 1512 1018 1555 matrimonium
1052 1512 1288 1566 accepisse
1320 1512 1459 1554 finxit.

224 1581 482 1637 Euripidem
521 1583 717 1626 Xuthum
756 1595 844 1626 non
884 1583 1166 1638 Eumolpi,
1196 1583 1275 1625 sed
1305 1581 1726 1626 Chalcodonti-

163 1653 356 1696 darum
400 1654 707 1697 adversarium
742 1654 999 1697 inducendo
1035 1665 1059 1696 a
1092 1653 1330 1696 traditione
1364 1654 1544 1709 vulgata
1579 1664 1727 1696 reces-

163 1724 279 1767 sisse
328 1737 582 1768 consensus
630 1726 830 1768 omnium
875 1727 1107 1768 auctorum
1142 1723 1438 1777 (Philochori,
1478 1722 1725 1774 Strabonis,

165 1794 416 1839 Pausaniae
450 1794 554 1851 etc.)
597 1797 707 1839 satis
751 1796 925 1851 probat.
972 1793 1354 1851 Ermatingerus2)
1390 1798 1514 1850 putat
1548 1798 1725 1850 poetam

165 1866 267 1909 ideo
314 1866 613 1910 Athenienses
661 1867 734 1910 alii
785 1868 903 1910 hosti
954 1867 1246 1922 opposuisse,
1296 1878 1350 1909 ne
1394 1866 1727 1921 spectatoribus

164 1936 331 1980 bellum
378 1950 479 1981 cum
528 1938 784 1989 Eleusiniis,
833 1939 973 1981 sociis
1021 1938 1130 1990 suis,
1181 1940 1280 1980 ante
1325 1937 1485 1980 oculos
1527 1938 1726 1992 poneret.

166 2008 337 2065 Rogare
369 2012 517 2053 tamen
550 2010 699 2061 velim,
734 2021 812 2052 cur
845 2012 978 2064 poeta
1011 2010 1129 2052 hunc
1163 2008 1422 2063 scrupulum
1458 2020 1547 2051 non
1567 2008 1725 2050 eodem

165 2081 364 2123 remedio
397 2081 615 2123 amoverit
647 2083 782 2135 atque
817 2081 860 2122 in
905 2080 1155 2123 Erechtheo
1190 2091 1271 2122 sua
1306 2080 1391 2121 iam
1426 2078 1605 2129 fecerat,
1639 2079 1728 2121 sci-

166 2151 270 2194 licet
312 2151 569 2195 Eleusinios
613 2163 636 2194 e
674 2151 827 2194 fabula
874 2151 1146 2206 expellendo
1181 2153 1222 2193 et
1255 2150 1524 2205 Eumolpum
1559 2161 1726 2192 merum

166 2221 385 2265 Thracem
434 2222 680 2266 reddendo.
700 2220 735 2276 3)
783 2221 917 2273 Quod
967 2221 1280 2273 Philochorus,
1330 2232 1463 2274 quem
1514 2220 1727 2275 Euripide

165 2295 345 2337 auctore
373 2293 642 2348 Eumolpum
673 2293 1001 2336 Eleusiniorum
1028 2292 1188 2335 ducem
1219 2304 1308 2334 non
1329 2303 1572 2347 agnoscere
1591 2302 1728 2345 supra

165 2365 375 2416 vidimus,
393 2362 430 2419 4)
489 2365 560 2407 hic
619 2375 802 2418 quoque
858 2363 976 2406 fecit.
1034 2362 1153 2406 Dicit
1211 2364 1328 2406 enim
1388 2362 1728 2405 tantummodo:

210 2519 241 2558 l)
274 2518 372 2558 Quae
407 2521 610 2559 argumenta
644 2520 868 2560 Toeprferum
904 2520 947 2552 ad
972 2520 1177 2559 opinionem
1202 2519 1408 2551 contrariam
1433 2518 1649 2555 adduxerint,
1675 2526 1729 2550 me

166 2570 252 2611 fugit
273 2572 318 2611 (v.
342 2572 406 2604 Att.
430 2572 471 2609 G,
494 2573 550 2605 261
578 2574 615 2606 Α.
639 2573 682 2613 2).

208 2625 242 2664 2)
265 2624 330 2657 Die
352 2625 417 2658 Att.
440 2626 625 2659 Autochth.
651 2627 741 2665 Sage
769 2626 835 2658 131.

208 2677 242 2717 3)
265 2678 306 2710 cf.
331 2687 362 2718 p.
389 2679 425 2710 15
449 2687 524 2719 sqq.

208 2730 242 2770 4)
266 2730 306 2763 cf.
330 2739 361 2771 p.
385 2731 434 2764 27.

1672 2834 1729 2876 45
