2174 3374
152 483 269 535 fatis,
299 494 414 538 quae
441 483 619 539 trilogia
647 483 889 538 Euripidea
916 481 1282 536 amplectebatur,
1302 480 1436 523 hodie
1456 480 1499 522 in
1518 478 1708 522 Atthidi-

153 554 240 598 bus
281 556 512 597 tractatum
556 555 823 603 invenimus,
869 564 1142 607 quamquam
1188 552 1292 594 huic
1326 551 1432 606 regi,
1465 550 1708 592 Athenien-

153 625 283 668 sibus
329 626 565 679 δημοτικοῖς
612 636 717 679 prae
767 624 926 667 ceteris
976 623 1187 666 omnibus
1235 634 1353 673 caro,
1396 623 1439 663 in
1484 621 1710 664 chronicis

154 696 338 739 urbanis
380 696 529 738 locum
565 696 816 751 principem
850 706 1118 738 concessum
1151 694 1291 737 fuisse
1323 694 1568 749 fragmenta
1601 694 1710 736 satis

154 767 292 810 multa
324 767 579 810 etiamnunc
613 768 842 809 testantur.

213 836 287 881 Sic
321 850 357 881 e.
392 849 432 893 g.
467 839 510 879 in
544 837 802 880 Atthidibus
837 849 926 879 non
960 835 1177 887 Phorbas,
1215 836 1380 878 Thesei
1423 836 1708 890 παιδοτρίβης,

153 909 234 953 sed
268 909 366 964 ipse
409 908 616 952 Theseus
649 911 786 951 artem
821 908 1019 951 luctandi
1059 907 1285 950 invenisse
1325 907 1556 949 dicebatur
1587 905 1712 958 (Ister

155 980 206 1022 fr.
240 979 330 1032 23).

212 1049 280 1094 Ab
329 1050 489 1093 eodem
537 1050 645 1093 Istro
693 1047 762 1104 (fr.
814 1046 885 1103 13)
937 1050 1052 1092 duos
1101 1049 1416 1103 oschophoros
1463 1047 1711 1090 instituisse

155 1122 340 1165 traditur
371 1125 495 1162 ἕνεκα
526 1129 593 1175 τῆς
624 1128 766 1174 κοινῆς
798 1125 1014 1176 σωτηρίας.

214 1192 454 1248 Euripides
514 1193 557 1234 in
617 1190 883 1246 Supplicum
942 1191 1095 1234 fabula
1152 1192 1419 1241 narraverat,
1479 1190 1711 1244 quomodo

154 1263 362 1307 Theseus
394 1263 642 1306 Thebanos
675 1264 900 1318 coegisset
936 1274 1126 1317 corpora
1158 1261 1421 1317 Argivorum
1456 1262 1511 1304 ad
1531 1261 1712 1304 Thebas

157 1335 488 1378 interfectorum
507 1335 594 1377 sibi
613 1335 786 1377 tradere
806 1334 1092 1389 sepelienda3
1120 1332 1418 1375 Philochorus
1437 1333 1561 1375 addit
1578 1333 1712 1375 hasce

157 1407 353 1450 indutias
384 1412 480 1462 περὶ
511 1412 669 1460 νεκρῶν
701 1409 957 1460 ἀναιρέσεως
990 1405 1157 1460 primas
1190 1404 1329 1447 fuisse
1363 1401 1432 1458 (fr.
1465 1404 1556 1458 51).

215 1477 316 1520 Non
336 1477 472 1520 modo
492 1477 643 1519 omnia
676 1477 925 1519 honorifica
957 1476 1000 1518 in
1035 1475 1259 1518 Theseum
1294 1486 1423 1517 suum
1458 1474 1712 1517 accumula-

155 1551 314 1592 verunt
344 1548 703 1603 Atthidographi‚
737 1548 816 1590 sed
851 1548 983 1590 etiam
1022 1547 1078 1589 ab
1110 1547 1231 1588 omni
1264 1545 1446 1588 infamia
1479 1546 1715 1601 diligenter

156 1632 258 1663 eum
291 1619 520 1662 vindicare
554 1619 832 1669 studuerunt,
866 1618 995 1660 cuius
1029 1618 1089 1660 rei
1126 1616 1379 1671 exemplum
1416 1616 1609 1659 afferam.

214 1690 478 1734 Plutarchus
498 1687 528 1745 1)
560 1691 719 1740 narrat,
753 1689 1034 1731 Hellanicum
1069 1688 1308 1730 tradidisse
1337 1687 1562 1730 Theseum
1583 1687 1715 1742 quin—

157 1763 374 1819 quaginta
407 1773 553 1804 annos
587 1763 737 1803 natum
764 1760 962 1803 violasse
992 1759 1205 1802 Helenam
1236 1760 1514 1801 immaturam
1547 1756 1715 1814 (ἔπραξε

155 1839 205 1875 τὰ
235 1840 332 1889 περὶ
363 1838 436 1888 τὴν
467 1834 663 1886 “Ελε’νην,
697 1835 746 1873 οὐ
778 1833 881 1872 καθ’
915 1828 1058 1886 ὥραν).
1093 1829 1337 1884 Postquam
1367 1830 1530 1872 deinde
1559 1829 1715 1872 Obser-

155 1905 277 1948 vavit
319 1904 577 1955 nonnullos,
622 1905 668 1946 ut
710 1903 936 1946 Theseum
980 1903 1065 1945 hoc
1103 1902 1371 1957 gravissimo
1405 1901 1589 1944 crimine
1623 1901 1715 1944 sol-

155 1978 322 2028 verent,
355 1987 518 2031 negare
553 1976 702 2030 ipsum
735 1974 951 2017 Helenam
986 1974 1204 2028 rapuisse,
1233 1973 1313 2015 sed
1348 1974 1517 2027 raptam
1551 1972 1607 2015 ab
1641 1972 1716 2015 lda

157 2049 199 2091 et
241 2047 418 2102 Lynceo
462 2047 583 2101 apud
627 2057 675 2088 se
720 2046 975 2100 depositam
1018 2055 1238 2094 servasse,
1282 2044 1347 2086 sic
1387 2044 1557 2099 pergit:
1590 2048 1639 2084 τὰ
1671 2044 1715 2084 δὲ

156 2122 296 2160 εἰκότα
341 2124 413 2159 καὶ
459 2120 682 2165 πλείστους
728 2120 880 2171 ἔχοντα
926 2119 1142 2171 μάρτυρας
1189 2118 1359 2155 τοιαῦτά
1406 2117 1528 2156 ἐστιν.
1580 2114 1714 2157 Hisce

156 2189 307 2232 verbis
339 2187 604 2231 Plutarchus
636 2189 787 2242 aperte
817 2187 985 2230 indicat
1013 2187 1243 2229 historiam
1272 2185 1326 2228 de
1356 2185 1552 2228 Helenae
1572 2188 1713 2240 raptu,

157 2272 304 2316 quae
347 2261 629 2315 sequitur,
674 2271 763 2301 non
808 2270 832 2300 a
866 2270 914 2301 se
948 2259 1049 2312 ipso
1084 2270 1138 2301 ex
1172 2257 1450 2300 diversorum
1484 2259 1713 2299 auctorum

156 2332 428 2375 testimoniis
476 2331 714 2374 conflatam
764 2341 879 2381 esse,
927 2330 1007 2373 sed
1052 2331 1189 2372 totam
1235 2341 1288 2371 ex
1330 2340 1419 2371 uno
1453 2328 1574 2371 fonte
1608 2340 1633 2371 a
1665 2340 1714 2372 se

157 2404 376 2446 haustam.
425 2402 632 2445 Narratur
680 2403 825 2444 autem
869 2401 1094 2444 Theseum
1139 2402 1180 2443 et
1222 2399 1467 2442 Pirithoum
1510 2398 1713 2454 Spartam

157 2475 338 2518 venisse
387 2474 541 2529 ibique
591 2472 806 2516 Helenam
856 2472 1060 2527 rapuisse
1110 2473 1242 2525 atque
1291 2471 1404 2513 inter
1450 2481 1498 2513 se
1557 2472 1715 2525 pactos

159 2557 274 2596 esse,
317 2547 363 2588 ut
406 2545 488 2587 utri
532 2555 631 2587 sors
673 2543 923 2599 obtigisset,
957 2554 1054 2585 eam
1088 2541 1270 2585 haberet
1301 2553 1482 2584 uxorem
1518 2542 1560 2584 et
1591 2541 1713 2584 alteri

202 2697 232 2737 l)
255 2697 330 2730 Vita
353 2696 459 2730 Thes.
483 2704 511 2729 c.
534 2695 645 2728 XXXl.

1631 2797 1712 2840 103
