2174 3374
159 501 302 556 prima
344 513 398 544 ex
441 503 750 557 optationibus
794 514 819 544 a
859 502 1069 557 Neptuno
1117 513 1169 545 ea
1212 504 1356 553 nocte,
1390 513 1479 556 qua
1511 500 1718 544 Aethram

158 572 386 627 gravidam
421 571 598 623 fecerat,
631 573 724 615 tilio
758 572 907 615 futuro
941 573 1176 616 concessis
1212 572 1389 627 expleta
1422 574 1526 614 erat.

218 712 286 756 De
327 713 454 756 tertia
495 713 698 769 trilogiae
741 713 984 769 tragoedia,
1026 714 1081 756 de
1116 713 1364 768 Hippolyto
1398 713 1567 765 VelatO,
1602 724 1719 755 nunc

159 795 350 839 agerem,
411 784 495 827 nisi
553 784 659 826 mihi
719 784 931 827 conscius
979 795 1126 827 essem
1174 784 1296 826 viros
1343 784 1505 827 doctos
1554 785 1595 826 et
1642 794 1721 826 eos

159 855 459 909 peritissimos
492 855 547 897 de
581 855 662 897 hac
695 854 847 897 fabula
880 856 1002 897 tanta
1035 855 1121 896 iam
1152 854 1393 908 protulisse
1422 856 1556 908 atque
1584 856 1719 896 totam

159 925 274 968 hanc
331 925 559 968 materiam
616 927 703 967 tam
752 926 956 968 accurate
1005 927 1308 979 perscrutatos
1357 935 1473 974 esse,
1521 925 1566 966 ut
1614 924 1720 965 mihi

159 1006 317 1038 omnes
345 996 426 1038 has
455 995 745 1050 quaestiones
768 996 1017 1038 retractanti
1038 997 1208 1037 tantum
1228 1007 1317 1037 non
1337 1006 1516 1049 semper
1533 994 1720 1037 aliorum

159 1054 349 1122 vestigia
382 1069 534 1109 essent
567 1066 774 1121 legenda.

220 1136 389 1181 Revera
430 1139 529 1179 acta
571 1148 703 1192 agere
746 1137 853 1178 mihi
898 1136 1084 1186 viderer,
1129 1136 1165 1179 si
1211 1138 1314 1191 post
1356 1139 1554 1190 operam,
1588 1147 1721 1190 quam

159 1207 474 1260 Wilamowitz,
495 1205 527 1259 ¹)
586 1205 743 1259 Leo‚2)
803 1204 1120 1259 Kalkmann‚³)
1180 1207 1254 1249 alii
1314 1206 1438 1249 multi
1498 1207 1540 1249 in
1590 1206 1724 1249 huius

160 1279 417 1334 tragoediae
475 1279 736 1334 deperditae
796 1278 989 1330 imagine
1050 1278 1394 1333 redintegranda
1452 1279 1723 1332 posuerunt,

161 1350 310 1393 denuo
359 1350 415 1392 ad
464 1349 582 1392 idem
633 1360 750 1405 opus
799 1349 1069 1404 accingerer.
1118 1348 1252 1400 Quod
1303 1360 1356 1391 eo
1404 1347 1582 1390 facilius
1621 1347 1723 1390 ideo

161 1421 362 1464 omittere
397 1432 598 1476 possum,
633 1421 739 1475 quia
772 1420 1058 1476 investigatio
1093 1420 1246 1462 docuit
1274 1418 1566 1474 Hippolytum
1595 1417 1725 1460 Vela-

161 1494 252 1534 tum
302 1491 485 1546 quidem
529 1503 628 1534 cum
673 1489 939 1535 Coronifero
984 1490 1134 1534 multis
1178 1490 1380 1546 partibus
1425 1489 1725 1543 discrepasse,

162 1563 243 1606 sed
276 1563 361 1605 hoc
395 1562 636 1605 discrimen
671 1563 816 1618 magis
849 1562 905 1605 ad
939 1562 1154 1605 tractandi
1191 1562 1406 1604 rationem
1437 1562 1479 1603 et
1496 1558 1725 1602 Phaedrae

163 1644 325 1685 mores,
369 1645 503 1688 quam
548 1634 602 1677 ad
647 1634 794 1689 ipsum
839 1635 1148 1688 argumentum
1194 1634 1235 1675 et
1275 1631 1453 1674 iabuiae
1487 1631 1725 1673 decursum

163 1705 398 1759 pertinere.

222 1775 374 1830 Itaque
416 1775 472 1818 ad
516 1775 681 1819 Thesei
725 1775 814 1818 fata
857 1776 900 1817 in
938 1786 1076 1818 scena
1106 1774 1249 1817 Attica
1283 1772 1604 1829 cognoscenda
1637 1782 1725 1814 non

164 1845 350 1888 multum
385 1845 668 1898 lucraremur,
702 1847 738 1888 si
775 1847 888 1889 hanc
917 1845 1192 1901 tragoediam
1223 1845 1265 1886 in
1294 1843 1491 1886 tenebris
1519 1842 1726 1885 latentem

165 1916 221 1959 ad
255 1916 399 1960 lucem
433 1918 691 1972 protrahere
726 1928 980 1972 possemus.
1015 1916 1211 1959 Tertiam
1245 1926 1351 1970 ergo
1380 1914 1495 1956 hanc
1523 1912 1727 1967 trilogiae

165 1989 334 2042 partem
377 1987 557 2031 silentio
603 1988 959 2043 praetermittens
1004 1987 1238 2042 proposito
1281 1986 1441 2028 deesse
1485 1984 1591 2026 mihi
1637 1994 1727 2024 non

166 2058 337 2102 videor.

210 2222 240 2261 1)
263 2221 361 2254 Anat.
385 2221 463 2253 Eur.
486 2229 518 2262 p.
541 2220 603 2253 209
616 2228 715 2260 sqq,;
739 2220 818 2253 Eur.
844 2220 983 2260 Hippoi.
1011 2219 1097 2251 1891.

207 2274 242 2314 2)
264 2273 344 2306 Sen.
367 2274 470 2314 Trag.
495 2274 504 2305 Ι
529 2282 560 2314 p.
588 2273 645 2305 173
658 2280 734 2313 sqq.

207 2327 240 2366 3)
264 2326 315 2359 De
339 2326 540 2367 Hippolytis
564 2326 764 2366 Euripideis
787 2333 819 2365 p.
841 2325 881 2357 24
895 2332 973 2365 sqq.

1674 2807 1731 2848 93
