2174 3374
90 553 95 560 Ι
167 495 435 546 versionem,
495 507 585 550 qua
642 496 790 540 omnis
849 496 1178 540 Eleusiniorum
1228 510 1328 541 cum
1374 499 1458 541 hoc
1504 499 1727 554 Eumolpo

167 566 456 608 necessitudo
486 566 834 618 dissolvebatur,
865 568 1143 622 arripuerint,
1176 569 1307 612 facile
1345 570 1591 625 intellegas.
1613 569 1725 614 Cum

166 636 305 679 semel
342 636 574 679 Erechthei
610 638 914 680 adversarium
950 638 1005 680 ab
1040 638 1262 693 Eumolpo
1298 639 1528 683 Eleusinio
1562 643 1604 683 et
1631 653 1727 683 om-

167 707 274 749 nino
317 706 373 748 ab
417 706 660 749 Eleusiniis
703 709 1042 759 disiunxissent,
1088 709 1196 751 nihil
1241 711 1447 762 restabat,
1492 712 1614 766 quod
1649 723 1728 754 eos

166 776 422 828 adduceret,
472 780 518 819 ut
552 790 631 832 pro
666 778 888 833 Eumolpo
923 780 1217 822 lmmaradum
1253 782 1477 834 quendam
1512 783 1728 825 substitu-

167 849 300 890 erent.
321 846 528 902 Denique
549 847 848 892 Philochorus
867 850 1014 904 ipsum
1035 851 1304 906 Eumolpum
1324 853 1524 895 nominat
1536 853 1585 895 ir.
1600 854 1655 896 33
1670 868 1678 896 z
1694 888 1726 897 ..

165 920 505 971 πολεμουμένοις
532 918 783 972 Ἀθηναίοις
810 923 892 960 ὑπὸ
921 921 1159 972 Εὐμόλπου
1189 928 1258 962 τοῦ
1277 923 1558 975 Ποσειδῶνος,
1584 925 1729 979 Ἐρεχ-

165 990 279 1037 θέως
309 990 630 1040 βασιλεύοντος.

225 1059 375 1114 ltaque
394 1059 670 1114 ubicumque
688 1059 1033 1116 Atthidographi
1055 1061 1289 1105 Erechthei
1319 1062 1425 1105 belli
1457 1065 1727 1106 mentionem

165 1130 348 1182 faciunt,
379 1130 648 1185 Eumolpum
680 1131 718 1173 ei
739 1135 991 1186 opponunt,
1011 1133 1251 1175 exercitum
1274 1134 1482 1176 hostilem
1502 1146 1524 1177 e
1544 1134 1729 1177 Boeotia

165 1201 318 1244 venire
349 1201 534 1257 tingunt,
570 1202 626 1244 de
660 1202 905 1245 Eleusiniis
938 1205 1097 1245 tacent.

225 1272 341 1327 Ergo
385 1272 673 1323 lmmaradus‚
718 1273 1048 1316 Eleusiniorum
1092 1275 1196 1327 dux,
1243 1274 1500 1319 Atthidibus
1549 1277 1728 1332 ignotus

165 1342 247 1385 fuit
291 1345 424 1397 atque
472 1343 753 1398 excogitatus
802 1346 869 1387 est
915 1345 970 1387 ab
1020 1345 1133 1397 aliis,
1194 1351 1234 1386 οἳ
1282 1351 1330 1386 τὰ
1377 1350 1538 1401 ἀρχαῖα
1586 1353 1728 1389 ἴσασιν

166 1414 459 1469 (quicumque
493 1414 705 1467 fuerunt),
740 1415 815 1470 qui
851 1415 983 1458 aliam
1018 1416 1135 1458 viam
1172 1417 1360 1472 ingressi
1391 1429 1491 1460 esse
1509 1419 1728 1469 videntur,

166 1486 213 1527 ut
237 1485 547 1539 mysteriorum
583 1486 862 1529 conditorem
907 1489 949 1529 et
991 1487 1360 1542 Eumolpidarum
1395 1489 1573 1543 generis
1607 1489 1728 1532 illus-

165 1555 349 1598 trissimi
382 1558 608 1598 auctorem
642 1556 699 1598 ab
732 1556 966 1600 Erechthei
1001 1558 1129 1600 hoste
1173 1558 1310 1601 feroci
1362 1559 1726 1602 internoscerent.

165 1626 266 1669 Non
301 1627 419 1669 enim
465 1650 515 1655 —
560 1629 607 1670 ut
648 1626 994 1684 Atthidographi
1037 1655 1093 1659 —
1137 1629 1254 1671 duos
1296 1629 1436 1672 fuisse
1481 1629 1728 1684 Eumolpos

166 1698 426 1749 statuerunt,
450 1698 531 1740 sed
561 1697 831 1753 Eumolpum
861 1700 1229 1742 sacerdotem
1260 1700 1569 1742 tantummodo
1588 1712 1728 1756 agno-

166 1770 344 1811 scentes
388 1768 706 1812 bellatoris
750 1781 914 1812 nomen
950 1772 1242 1812 mutaverunt.
1288 1770 1414 1821 Quos
1448 1773 1630 1814 secutus
1663 1774 1728 1813 est

166 1838 427 1882 Pausanias.
472 1839 634 1882 Partim
679 1852 733 1883 ex
766 1841 925 1883 eodem
959 1841 1081 1883 fonte
1115 1841 1310 1883 obscuro
1342 1842 1561 1884 fluxerunt
1593 1842 1728 1884 verba

146 1910 438 1953 'scholiastae
466 1911 522 1953 ad
551 1910 650 1954 Eur.
680 1909 850 1953 Phoen.
880 1912 980 1965 854,
1010 1912 1085 1954 ubi
1116 1913 1289 1966 praeter
1308 1911 1575 1966 Eumolpum
1596 1913 1725 1954 etiam

166 1981 256 2024 duo
290 1981 364 2024 alii
399 1981 595 2037 Neptuni
629 1982 722 2033 filii,
758 1981 962 2025 Phorbas
996 1987 1036 2025 et
1070 1983 1358 2033 lmmaradus‚
1392 1983 1448 2025 ab
1479 1983 1726 2025 Erechtheo

166 2052 382 2095 interfecti
431 2064 532 2096 esse
578 2053 798 2096 dicuntur.
854 2053 949 2096 Hoc
999 2054 1221 2096 scholium
1273 2053 1446 2108 probat,
1495 2054 1726 2107 quomodo

166 2123 441 2178 posteriores
488 2124 635 2166 conati
679 2124 768 2166 sint
809 2124 923 2167 duas
967 2124 1066 2167 illas
1110 2124 1312 2167 diversas
1354 2124 1532 2166 fabulae
1559 2124 1726 2166 formas

166 2194 438 2250 coniungere
496 2196 537 2236 et
593 2194 887 2237 lmmaradum
946 2194 1120 2238 fratrem
1181 2195 1388 2249 Eumolpi
1438 2194 1726 2237 reddiderint.

166 2265 335 2307 Eodem
371 2265 507 2308 modo
540 2266 662 2320 apud
696 2264 965 2308 Pausaniam
999 2263 1112 2319 (1.1.)
1146 2265 1353 2320 Eumolpi
1389 2265 1556 2307 tilius
1589 2265 1726 2316 audit,

166 2336 289 2390 quod
314 2336 357 2387 ii,
388 2337 463 2390 qui
494 2337 685 2391 primum
705 2337 1000 2379 lmmaradum
1032 2348 1112 2391 pro
1141 2336 1363 2390 Eumolpo
1392 2336 1726 2386 substituerant,

165 2406 331 2449 addere
380 2419 469 2449 non
519 2410 780 2462 potuerunt;
830 2419 930 2449 nam
975 2407 1226 2450 sacerdotis
1268 2406 1406 2448 filium
1451 2418 1539 2448 non
1583 2407 1751 2461 magis*

166 2488 300 2530 quam
321 2478 468 2532 ipsum
490 2480 657 2533 patrem
679 2490 778 2520 cum
793 2477 1040 2520 Erechtheo
1060 2477 1226 2519 bellum
1246 2478 1445 2532 gessisse
1464 2477 1725 2519 dedecebat.

166 2545 330 2590 Postea
362 2549 542 2591 demum
577 2549 852 2591 lmmaradus
887 2548 1095 2603 Eumolpi
1129 2548 1249 2590 filius
1280 2548 1424 2590 factus
1459 2550 1538 2590 est.

226 2618 376 2674 Longe
425 2620 557 2675 igitur
599 2631 623 2662 a
657 2632 762 2662 vero
787 2620 1030 2662 aberravit
1074 2618 1299 2673 Toepffer‚
1335 2621 1536 2661 statuens
1569 2618 1726 2660 lmma-

166 2688 321 2731 radum
351 2690 446 2732 sive
475 2690 688 2733 Ismarum
718 2690 841 2732 illum
866 2690 1097 2743 antiquum
1119 2691 1160 2731 et
1179 2689 1474 2743 principalem
1495 2689 1726 2731 Erechthei

1670 2807 1725 2848 27
