2174 3374
500 497 764 539 Plutarchus
808 508 990 551 quoque
1036 498 1212 538 nostrae
1256 496 1436 539 fabulae
1476 498 1784 551 argumentum
1821 507 2005 550 expres—

440 569 510 620 sit,
531 580 552 611 e
572 570 700 611 cuius
719 568 971 610 narratione
991 568 1100 610 haec
1121 567 1275 609 afferre
1309 567 1504 610 sufficiat
1534 565 1589 619 (v.
1608 566 1772 609 Thesei
1792 578 1890 621 cap.
1914 563 2005 621 12):

439 641 778 695 Προαισθομένη
813 639 856 679 δὲ
888 644 982 693 περὶ
1016 643 1086 678 τοῦ
1123 638 1288 691 Θησέως
1322 642 1424 691 αὕτη
1460 635 1508 691 (i.
1529 649 1565 680 e.
1599 634 1797 691 Medea),
1830 643 1901 678 τοῦ
1927 642 2007 690 μὲν

439 711 596 761 Αἰγέως
628 713 892 762 ἀγνοοῦντος,
927 712 1043 757 ὄντος
1076 709 1119 748 δὲ
1151 711 1436 763 πρεσβυτέρου
1469 714 1538 749 καὶ
1569 710 1840 761 φοβουμένου
1867 711 2006 748 πάντα

440 780 511 821 διὰ
553 784 625 832 τὴν
666 782 826 830 στάσιν,
870 782 1036 820 ἔπεισεν
1080 783 1220 830 αὐτὸν,
1267 783 1321 827 ὡς
1364 782 1484 830 ξένον
1521 782 1733 830 ἑστιῶντα7
1767 782 2008 833 φαρμάκοις

441 852 623 891 ἀνελεῖν.
671 851 853 891 ”Ελθων
897 853 973 891 οὗν
1017 853 1038 890 ὁ
1083 850 1240 904 Θησεὺς
1283 853 1347 890 ἐπὶ
1394 854 1437 890 τὸ
1470 853 1641 904 ἄριστον
1675 853 1750 890 οὐκ
1782 850 2007 902 ἐδοκίμαζε

443 922 622 976 φράζειν
659 924 801 973 αὑτὸν,
837 924 946 969 ὅστις
979 925 1056 974 εἴη,
1090 925 1301 975 πρότερος.
1336 923 1480 973 ἐκείνῳ
1508 921 1551 960 ὃὲ
1578 921 1844 972 βουλόμενος
1871 922 2008 974 ἀρχὴν

441 994 697 1047 ἀνευρέσεως
743 998 996 1046 παρασχεῖν,
1047 998 1180 1046 κρεῶν
1227 994 1566 1045 παρακειμένων,
1616 994 1889 1042 σπασάμενος
1936 994 2008 1041 τὴν

439 1066 675 1117 μάχαιραν,
709 1066 763 1111 ὡς
796 1068 924 1103 ταῦτα
957 1065 1131 1115 τέμνων,
1175 1063 1385 1103 ἐδείκνυεν
1421 1065 1578 1114 ἐκείνῳ.
1627 1063 1744 1115 Ταχὺ
1787 1062 1830 1101 δὲ
1877 1076 2007 1101 κατα·

439 1136 599 1187 μαθὼν
632 1137 653 1174 ὁ
690 1135 835 1186 Αἰγεὺς
867 1139 939 1185 τὴν
970 1137 1050 1185 μὲν
1082 1135 1237 1174 κύλικα
1270 1138 1340 1174 τοῦ
1374 1136 1602 1187 φαρμάκου
1633 1134 1856 1184 κατέβαλε,
1876 1136 1946 1172 τὸν
1964 1131 2007 1171 δὲ

440 1209 535 1245 υἱὸν
567 1208 799 1259 ἀνακρίνας
830 1205 1055 1256 ἠσπάζετο,
1089 1209 1157 1243 καὶ
1191 1208 1444 1256 συναγαγὼν
1472 1208 1564 1251 τοὺς
1590 1204 1767 1251 πολίτας
1784 1203 2009 1257 ἐγνώριζεν

441 1276 571 1328 ἡδέως
603 1275 858 1329 δεχομένους
890 1275 960 1314 διὰ
994 1280 1066 1326 τὴν
1099 1274 1411 1329 ἀνδραγαθίαν.

501 1345 543 1387 ln
589 1345 778 1387 summis
823 1345 957 1387 rebus
1001 1345 1292 1387 scholiastam
1339 1347 1379 1387 et
1424 1343 1709 1387 Plutarchum
1754 1345 2008 1387 consentire

442 1416 672 1467 videmus;
718 1418 905 1470 uterque
941 1418 1099 1467 narrat,
1134 1416 1368 1470 quomodo
1402 1415 1608 1458 Theseus
1643 1415 1873 1458 Troezene
1908 1427 2009 1470 pro-

441 1487 585 1530 fectus
643 1487 840 1530 Athenas
898 1488 1048 1530 veniat
1103 1489 1145 1529 et
1192 1487 1355 1530 Medea
1404 1486 1554 1542 Aegeo
1604 1487 1699 1529 seni
1750 1497 1819 1529 res
1867 1497 2009 1529 novas

443 1559 653 1601 metuenti
700 1559 983 1613 persuadeat,
1029 1560 1074 1600 ut
1116 1569 1291 1601 veneno
1337 1558 1543 1600 iuvenem
1589 1569 1610 1600 e
1661 1557 1810 1600 medio
1854 1556 2005 1609 tollat;

442 1641 590 1684 regem
637 1632 782 1672 autem
818 1630 860 1671 in
898 1630 998 1683 ipso
1033 1629 1292 1671 discrimine
1326 1628 1512 1683 periculi
1541 1628 1680 1670 filium
1711 1639 1840 1670 suum
1874 1639 2008 1683 agno-

442 1712 566 1743 scere
601 1702 642 1743 et
675 1700 883 1742 Medeam
920 1700 1098 1742 insidiis
1132 1700 1319 1742 detectis
1354 1711 1407 1741 ex
1441 1699 1549 1741 urbe
1584 1699 1774 1753 pellere.-

503 1771 701 1813 Eandem
748 1771 976 1813 materiam
1022 1771 1296 1813 tractandam
1342 1770 1428 1812 sibi
1464 1770 1715 1824 sumpsisse
1750 1769 2007 1823 Euripidem

444 1842 486 1884 in
536 1842 686 1897 Aegeo
736 1841 886 1883 fabula
936 1842 1102 1884 nemini
1148 1841 1335 1883 dubium
1380 1852 1480 1883 esse
1524 1842 1685 1895 potest.
1730 1840 1773 1882 In
1817 1839 2009 1894 singulis

445 1916 592 1956 tamen
628 1912 836 1955 scholion
870 1915 911 1955 et
944 1912 1167 1954 Plutarchi
1205 1913 1397 1954 narratio
1431 1912 1662 1966 aliquanto
1698 1912 1809 1954 inter
1842 1923 1890 1954 se
1923 1911 2010 1954 dif-

441 1984 587 2027 ferunt
620 1985 791 2038 eritque
827 1984 1222 2034 considerandum,
1249 1986 1344 2026 uter
1362 1983 1623 2038 diligentius
1642 1984 1801 2038 poetae
1820 1983 2011 2038 vestigia

444 2055 608 2110 legisse
643 2055 859 2097 videatur.

503 2126 677 2169 Initium
707 2125 925 2168 faciamus
954 2137 978 2168 a
1007 2126 1185 2169 duabus
1214 2125 1561 2180 quaestionibus
1580 2125 1761 2168 levioris
1779 2126 2008 2168 momenti.

501 2197 634 2252 Apud
693 2196 986 2239 scholiastam
1048 2198 1131 2239 hoc
1192 2197 1504 2239 tantummodo
1557 2197 1762 2252 legimus,
1810 2196 2008 2252 Aegeum

443 2280 665 2311 Venenum
711 2268 931 2311 obtulisse
975 2272 1309 2323 παραγενομένῳ
1354 2273 1406 2321 τῷ
1448 2269 1581 2319 παιδί,
1627 2268 1707 2311 Sed
1745 2267 2009 2311 plutarchus

443 2340 568 2382 addit
601 2340 643 2382 in
664 2340 886 2390 ssconvivio
916 2340 959 2381 id
988 2339 1152 2381 factum
1183 2350 1296 2388 esse,
1327 2339 1451 2393 quod
1481 2339 1831 2382 additamentum
1861 2339 2008 2381 statim

443 2411 597 2465 tragici
650 2412 810 2465 poetae
860 2422 1039 2452 manum
1090 2410 1271 2461 indicat,
1321 2411 1631 2464 praeterquam
1681 2410 1803 2464 quod
1848 2409 2009 2452 similis

443 2482 646 2524 veneficii
698 2493 834 2523 scena
884 2482 926 2523 in
988 2480 1148 2533 „Ione”
1199 2493 1252 2524 ex
1302 2481 1514 2535 Euripide
1564 2482 1648 2523 hoc
1698 2492 1722 2523 a
1770 2479 2008 2523 Plutarcho

445 2554 672 2606 receptum
709 2563 809 2594 esse
844 2553 954 2608 satis
988 2564 1216 2606 superque
1249 2554 1446 2594 testatur.

504 2622 679 2665 Deinde
709 2623 948 2677 quaeritur,
979 2623 1210 2677 quomodo
1230 2623 1273 2664 in
1293 2623 1370 2664 illo
1389 2623 1600 2665 convivio
1619 2622 1825 2665 Theseus
1844 2634 1868 2664 a
1887 2624 2009 2677 patre

445 2693 623 2748 agnitus
656 2694 724 2736 sit.
760 2692 907 2736 Primo
943 2694 1059 2736 enim
1095 2695 1281 2747 aspectu
1317 2694 1473 2736 mirum
1507 2693 1684 2736 videtur
1716 2693 2005 2736 scholiastam

446 2811 502 2854 56
