2174 3374
370 505 461 545 Καὶ
493 509 565 557 τὴν
597 509 799 545 τεκοῦσαν
828 510 900 544 καὶ
934 508 978 544 σὲ
1012 504 1086 544 δύο
1118 501 1399 556 θ’ὁμοσπόρω

371 579 508 616 σώσει·
544 580 580 616 τί
612 579 766 616 τούιων
799 578 895 628 οὐχὶ
928 575 1136 625 δέξασθαι
1168 575 1327 623 καλόνς

194 646 259 688 Ex
291 646 433 688 tribus
464 646 645 689 filiabus
680 646 736 697 (v.
770 645 819 687 fr.
854 646 939 688 357
973 647 1119 697 ζεῦγος
1151 642 1458 699 τριπάρθενον)
1504 644 1697 685 maxima

136 718 240 760 natu
262 713 294 769 1)
338 716 567 759 immolata
610 719 783 759 ceteras
826 727 874 758 se
918 715 1195 757 interfecisse
1236 715 1446 757 novimus
1494 726 1531 756 e.
1567 726 1606 769 g.
1642 726 1696 756 ex

137 787 313 842 Hygino
347 786 454 839 (fab.
488 786 587 839 46):
622 785 850 830 Chthonia
876 787 967 828 filia
995 798 1094 828 cum
1126 785 1505 835 essetimmolata‚
1525 787 1696 827 ceterae

134 858 222 901 fide
255 858 358 900 data
390 869 439 900 se
473 858 600 912 ipsae
635 857 963 899 interfecerunt.

193 927 260 971 De
310 928 543 971 Erechthei
594 930 735 970 morte
784 927 894 969 nihil
945 927 1050 969 certi
1100 926 1349 981 fragmenta
1402 926 1592 967 tradunt.
1652 924 1696 968 Si

129 999 461 1054 ⁴Apollodorum
510 1001 552 1041 et
600 998 825 1053 Hyginum
873 998 1119 1051 sequimur,
1165 1009 1190 1039 a
1237 996 1448 1050 Neptuno
1497 996 1699 1050 perditus

135 1072 225 1122 est;
260 1070 384 1125 quod
418 1071 460 1112 et
493 1069 591 1124 ipse
626 1069 867 1123 Euripides
901 1069 944 1110 in
983 1067 1143 1119 „lone”
1178 1068 1238 1119 (v.
1272 1068 1376 1119 282)
1411 1067 1624 1109 affirmat:

431 1142 594 1194 πληγαὶ
628 1144 813 1195 τριαίνης
845 1143 1019 1180 ποντίου
1052 1138 1122 1192 σφ’
1158 1140 1401 1178 ἀπώλεσαν.

195 1211 292 1254 Nisi
338 1211 426 1254 alia
469 1211 664 1261 obstant,
708 1211 751 1252 in
786 1212 996 1264 promptu
1031 1211 1098 1252 est
1131 1208 1368 1263 suspicari,
1404 1208 1699 1250 Erechtheum

137 1283 180 1324 in
229 1284 381 1325 nostra
427 1281 581 1325 fabula
629 1282 788 1324 eodem
835 1282 971 1323 modo
1016 1282 1201 1322 mortem
1237 1280 1422 1322 obiisse.
1457 1278 1501 1320 In
1534 1290 1578 1320 re
1612 1281 1698 1320 tam

136 1353 258 1409 gravi
308 1353 567 1408 Euripidem
616 1353 702 1395 sibi
747 1355 953 1395 constare
999 1362 1139 1406 prope
1184 1361 1372 1393 necesse
1415 1350 1509 1399 fuit,
1543 1361 1701 1403 quam-

136 1435 271 1478 quam
306 1436 407 1466 eum
442 1425 485 1466 in
520 1423 768 1466 levioribus
801 1434 939 1477 saepe
987 1423 1073 1464 sibi
1109 1422 1296 1475 obloqui
1328 1421 1508 1462 minime
1528 1421 1698 1475 ignoro.

136 1495 293 1550 Neque
337 1497 405 1537 est
441 1494 566 1549 quod
600 1497 778 1548 poetam
823 1494 894 1535 hic
928 1503 1122 1535 novasse
1157 1493 1420 1541 statuamus,
1455 1490 1700 1532 dummodo

137 1577 192 1609 ne
233 1565 485 1615 Welckero‚
530 1577 664 1619 quem
708 1565 783 1607 alii
829 1564 954 1606 multi
997 1565 1101 1606 sunt
1142 1563 1298 1612 secuti,
1319 1561 1352 1613 2)
1381 1562 1701 1611 concedamus,

137 1636 432 1680 Erechtheum
466 1636 589 1691 gravi
624 1635 807 1678 vulnere
841 1635 1043 1678 saucium
1074 1635 1117 1675 in
1147 1645 1329 1676 scenam
1359 1634 1581 1687 portatum
1602 1643 1701 1674 esse

135 1709 269 1762 atque
303 1707 379 1755 ibi.
413 1709 654 1761 postquam
687 1706 780 1748 filio
814 1706 1121 1755 valedixisset,
1156 1705 1350 1746 animam
1381 1703 1700 1757 exspiravisse.

137 1778 275 1820 Immo
303 1789 480 1820 summo
510 1777 603 1819 iure
622 1774 901 1831 Wecklein3)
922 1788 944 1818 e
962 1776 1012 1818 fr.
1031 1776 1131 1826 362,
1151 1775 1274 1829 quod
1295 1774 1449 1816 ultima
1468 1772 1700 1815 Erechthei

138 1849 194 1892 ad
220 1848 361 1891 filium
389 1849 527 1891 verba
555 1849 767 1898 continet,
798 1848 944 1890 effecit
974 1849 1144 1901 patrem
1163 1848 1299 1888 totam
1321 1846 1434 1887 hanc
1454 1844 1700 1886 orationem

138 1919 369 1970 habuisse,
412 1931 516 1970 non,
562 1921 805 1973 postquam
851 1917 1149 1959 moribundus
1195 1917 1238 1957 in
1283 1927 1463 1957 scenam
1501 1916 1702 1968 portatus

139 1992 219 2042 est,
252 1990 332 2033 sed
365 1992 605 2044 antequam
650 1990 705 2032 ad
741 2001 938 2044 pugnam
973 1990 1040 2030 est
1079 1987 1320 2041 profectus,
1356 1986 1474 2028 unde
1509 1985 1579 2027 dei
1613 1983 1701 2026 telo

139 2061 269 2112 ictus,
302 2061 487 2103 domum
523 2073 611 2103 non
645 2061 788 2103 rediit.

184 2223 215 2263 1)
237 2222 289 2256 Cf.
312 2222 488 2255 Demarati
512 2223 613 2255 locus
637 2229 743 2262 supra
767 2222 785 2253 1.
811 2221 1040 2253 Erechtheum
1065 2220 1171 2252 filiam
1196 2220 1377 2251 minimam
1402 2220 1481 2250 natu
1496 2217 1704 2250 mactavisse

139 2277 241 2309 tradit
262 2276 427 2317 Apollod.
450 2276 499 2314 ΙΙΙ,
526 2276 573 2314 15,
595 2277 624 2308 4.

180 2329 215 2371 2)
233 2330 308 2362 Vid.
332 2338 361 2363 e.
384 2338 416 2370 g.
439 2330 545 2362 Hiller
568 2330 612 2361 de
636 2329 875 2368 Gaertringen,
901 2328 953 2360 De
978 2327 1192 2360 Graecorum
1218 2326 1359 2358 Fabulis
1382 2326 1425 2357 ad
1449 2326 1604 2357 Thraces
1628 2332 1704 2363 per-

140 2383 343 2421 tinentibus,
366 2391 398 2423 p.
421 2383 462 2415 20
484 2391 562 2423 sqq.
586 2382 652 2420 Qui
678 2383 803 2414 eodem
829 2382 908 2413 loco
932 2380 1250 2416 Wilamowitzium,
1274 2380 1312 2410 fr.
1337 2387 1389 2418 sp.
1412 2378 1492 2409 430:

425 2437 540 2482 οἴμοι,
570 2437 720 2481 δράκων
745 2448 811 2480 μοι
840 2437 1008 2480 γίγνεται
1035 2435 1074 2467 τὸ
1102 2436 1231 2478 ἥμισυ·

425 2497 568 2538 τέκνον,
595 2493 865 2540 περιπλάκιχθι
895 2498 941 2537 τῷ
969 2493 1095 2536 λοιπῷ
1123 2494 1246 2537 πατρί.

141 2555 384 2595 intempestive
408 2555 474 2586 huc
497 2553 697 2586 afferentem
722 2554 807 2584 satis
832 2559 1007 2591 superque
1031 2551 1199 2583 refutavit.
1220 2549 1270 2582 Cf.
1283 2558 1312 2581 v.
1326 2550 1462 2581 witam.
1477 2549 1548 2581 Ans
1563 2548 1706 2588 Kydath.

141 2617 174 2648 p.
200 2608 268 2646 141,
290 2608 361 2640 228.

182 2660 217 2702 3)
239 2661 259 2693 1.
283 2661 303 2692 1.
327 2661 387 2692 ubi
410 2660 480 2692 vid.
502 2660 697 2692 Assentitur
727 2659 763 2690 Ε.
787 2659 942 2695 Mueller,
973 2657 1025 2689 De
1049 2657 1264 2690 Graecorum
1290 2656 1436 2688 deorum
1461 2655 1618 2695 partibus
1641 2657 1707 2687 tra-

143 2713 242 2753 gicis,
265 2721 297 2753 p.
319 2713 360 2745 97
382 2726 422 2739 Σ
446 2712 748 2752 Religionsgesch.
773 2711 866 2743 Vers.
891 2719 922 2743 u.
946 2710 1088 2742 Vorarb.
1112 2710 1189 2746 Vlll,
1212 2709 1241 2740 3.

1648 2812 1699 2852 21
