2174 3374
210 515 487 559 Posteriores
521 528 638 559 nunc
673 516 958 571 Eumolpum,
994 529 1112 559 nunc
1146 517 1439 560 Immaradum
1475 517 1707 560 Erechthei

151 587 456 630 adversarium
500 587 718 642 appellari
753 588 972 638 videntes,
1007 588 1092 630 hoc
1126 588 1382 639 discrimen,
1416 589 1546 631 cuius
1581 590 1706 644 origo

151 668 231 700 eos
265 658 444 708 latebat,
481 658 636 700 tollere
670 659 936 701 studuerunt
963 659 1200 701 statuendo
1220 659 1512 702 Immaradum
1531 659 1706 702 fratrem

149 729 219 771 vel
257 729 396 771 tilium
430 729 637 783 Eumolpi
671 729 811 772 tuisse
844 732 978 783 atque
1012 711 1171 772 ambos
1203 730 1335 772 simul
1371 730 1426 772 ab
1461 730 1706 773 Erechtheo

150 801 335 842 necatos
368 811 482 843 esse.
518 799 612 842 Hos
647 800 778 855 igitur
805 800 1007 854 sequitur
1036 799 1297 850 Pausanias,
1326 812 1425 842 cum
1447 800 1706 855 Ἀθηναίων,

150 873 243 911 ὅσοι
291 875 341 911 τὰ
387 874 550 925 ἀρχαῖα
597 875 741 911 ἴσασιν
790 871 1044 913 versionem
1105 870 1324 921 referens,
1382 872 1517 913 verba
1573 872 1707 911 παῖδα

148 941 388 993 Εὐμόλπου
431 941 568 991 addit,
614 941 704 983 duo
750 941 928 984 diversa
972 943 1196 983 momenta
1228 940 1407 983 tabulae
1441 953 1708 996 progressus

150 1011 433 1055 confundens
457 1010 512 1065 ¹).

210 1153 419 1208 Denique
463 1155 597 1196 restat
639 1155 685 1196 ut
728 1164 861 1196 unam
905 1154 1254 1208 discrepantiam
1305 1154 1417 1196 inter
1449 1153 1706 1208 Euripidem

151 1226 193 1266 et
225 1222 564 1267 Phanodemum
598 1227 830 1275 notemus;
865 1224 922 1266 ab
957 1225 1041 1266 hoc
1071 1225 1187 1266 enim
1215 1224 1331 1266 filiae
1361 1224 1533 1275 acolle‚
1553 1224 1596 1266 in
1617 1236 1707 1278 quo

152 1297 368 1338 mactatae
402 1298 539 1347 erant,
574 1294 913 1349 Hyacinthides,
947 1296 1002 1337 ab
1036 1295 1113 1337 illo
1148 1295 1328 1348 Hyades
1360 1297 1589 1337 vocantur.

211 1366 536 1420 Hyacinthides
594 1368 823 1421 praeterea
881 1366 1069 1408 audiunt
1125 1366 1246 1420 apud
1305 1364 1605 1419 Phrynichum
1665 1366 1707 1407 in

151 1437 425 1493 Monotropo
459 1440 502 1481 et
533 1437 887 1481 Demosthenem
923 1435 1143 1491 (epitaph.
1177 1436 1265 1488 27).

209 1509 355 1564 Vulgo
399 1511 547 1552 tamen
591 1508 918 1563 Hyacinthides
961 1519 1050 1550 non
1090 1507 1322 1549 Erechthei
1359 1507 1438 1549 sed
1472 1506 1707 1561 Hyacinthi

152 1580 495 1623 Lacedaemonii
513 1580 631 1623 filiae
651 1579 950 1635 appellantur,
970 1590 1006 1621 e.
1026 1590 1088 1633 gr.
1108 1578 1163 1620 ab
1182 1577 1461 1632 Apollodoro
1480 1577 1546 1629 (ΙΙΙ
1570 1578 1633 1628 15,
1648 1576 1708 1631 8),

151 1651 228 1706 qui
278 1653 423 1694 narrat
454 1650 769 1701 Athenienses,
814 1650 922 1693 urbe
965 1661 990 1692 a
1033 1649 1186 1691 Minoe
1232 1649 1534 1691 circumventa
1577 1651 1708 1702 atque

149 1722 267 1765 tame
310 1725 352 1765 et
395 1724 521 1777 peste
565 1722 626 1764 ibi
671 1722 852 1772 exortis,
897 1733 951 1764 ex
994 1721 1179 1763 deorum
1218 1730 1438 1773 responso
1473 1718 1708 1772 Hyacinthi

150 1793 266 1836 filias
312 1793 368 1836 ad
417 1791 622 1836 Geraesti
670 1791 889 1848 Cyclopis
936 1792 1154 1834 tumulum
1204 1790 1494 1845 iugulavisse.
1544 1788 1707 1831 Harum

151 1864 269 1907 enim
300 1865 469 1918 patrem
504 1863 843 1907 Lacedaemone
876 1863 1073 1905 Athenas
1108 1861 1492 1916 commigravisse.
1525 1858 1711 1914 Singula

151 1935 334 1978 nomina
366 1935 423 1978 ab
449 1934 731 1990 Apollodoro
760 1935 913 1978 addita
940 1935 1066 1976 sunt:
1096 1932 1295 1983 Antheis‚
1323 1931 1516 1986 Aegleis,
1536 1931 1709 1985 Lytaea,

150 2003 359 2048 Orthaea.

149 2120 359 2154 Thebanam
390 2122 641 2161 quaerentibus
666 2122 795 2154 auxilio
818 2121 912 2153 venit
938 2121 1013 2160 ipse
1036 2118 1242 2158 Aeschylus,
1266 2118 1324 2157 qui
1349 2118 1400 2149 eis
1423 2119 1555 2157 patrem
1579 2116 1710 2149 Ismaro

151 2174 270 2213 aptum
301 2174 547 2214 suppeditavit
578 2174 924 2208 commemoraverat
956 2174 1048 2205 enim
1073 2172 1174 2211 poeta
1200 2172 1285 2202 inter
1308 2170 1495 2202 bellatores
1517 2169 1710 2202 Thebanos

150 2226 404 2268 Melanippum,
427 2227 536 2260 filium
559 2228 687 2266 Astaci,
708 2228 810 2260 cuius
830 2227 1001 2266 originem
1015 2232 1137 2265 puram
1152 2223 1313 2256 distincte
1328 2224 1513 2262 praedicat,
1526 2231 1554 2254 v.
1567 2223 1628 2254 412
1641 2230 1710 2261 sq.:

433 2282 622 2328 Σπαρτῶν
648 2282 745 2316 ὅ’ἀπ’
772 2281 933 2326 ἀνδρῶν,
960 2280 1013 2313 ὧν
1038 2278 1160 2324 ”Αρης
1187 2280 1372 2324 ἐφείσατο,

434 2341 569 2387 ῥίζωμ’
597 2342 754 2383 ἀνεῖται,
781 2341 898 2385 κάρτα
927 2338 1034 2373 ὅ’ἔστ’
1062 2339 1254 2383 ἐγχώριος,

194 2397 240 2431 lta
262 2398 415 2432 ismarus
435 2399 564 2437 Astaci,
587 2399 789 2431 Thebarum
815 2398 1011 2437 indigenae,
1034 2396 1129 2428 iilius
1148 2396 1179 2427 et
1199 2394 1391 2434 Melanippi
1411 2392 1635 2426 fraterfactus
1649 2393 1710 2424 est.

194 2451 226 2492 1)
248 2451 284 2485 Si
308 2460 428 2485 verum
452 2453 514 2489 est,
537 2452 633 2492 quod
660 2451 889 2488 coniecimus‚
915 2450 1147 2482 lmmaradum
1167 2448 1280 2488 primo
1294 2455 1364 2479 non
1378 2448 1554 2486 tamquam
1569 2445 1712 2477 Eumol-

150 2504 185 2545 pi
199 2504 309 2538 tilium
329 2505 364 2538 in
388 2506 543 2546 mythum
567 2505 804 2538 introductum
828 2512 919 2541 esse,
942 2502 1119 2542 Toepiieri
1144 2501 1331 2541 scrupulus
1353 2500 1482 2532 tollitur
1505 2506 1618 2538 neque
1642 2498 1710 2530 iam

150 2558 488 2598 quicquamobstat,
511 2558 704 2599 quominus
727 2564 806 2590 cum
830 2555 1100 2588 Wilamowitzio
1121 2561 1303 2587 sumamus
1323 2553 1424 2586 etlam
1445 2551 1710 2590 chronologiam

149 2611 262 2644 fuisse
285 2612 319 2643 in
343 2612 472 2650 causis,
496 2620 587 2652 quae
610 2611 809 2649 effecerunt,
834 2611 870 2642 ut
893 2609 1111 2641 lmmaradus
1135 2607 1298 2646 Eumolpi
1324 2607 1440 2639 locum
1464 2604 1644 2641 obtineret,
1668 2611 1711 2635 ne

151 2664 367 2698 Erechtheus
400 2673 480 2698 cum
514 2666 708 2705 pronepote
743 2671 809 2695 suo
843 2662 996 2695 bellaret.
1030 2661 1075 2700 (v.
1109 2660 1245 2700 Toepti.
1269 2660 1308 2691 A.
1332 2659 1373 2693 G.
1397 2667 1431 2698 p.
1452 2657 1506 2696 434
1530 2658 1560 2689 et
1583 2666 1613 2689 v.
1633 2656 1711 2688 Wil.

153 2717 225 2750 Aus
249 2717 333 2758 Kyd.
356 2726 387 2758 p.
415 2717 496 2758 126).

1650 2813 1706 2854 29
