2174 3374
145 495 382 551 labyrinthi
412 495 609 538 tenebris
638 494 888 549 patefacere
912 518 966 523 —-
998 508 1143 550 neque
1168 497 1210 538 id
1232 497 1436 551 ignorare
1456 499 1628 551 poterat
1648 520 1699 524 —

144 568 242 610 sine
285 566 376 609 ullo
420 566 560 608 dubio
605 577 701 608 eam
736 565 916 608 Theseo
950 567 1208 609 ademisset.
1246 567 1366 610 Haec
1400 569 1582 622 quidem
1617 568 1703 609 iam

144 638 253 680 satis
286 648 515 691 superque
550 637 856 679 demonstrare
891 637 997 678 mihi
1027 637 1234 679 videntur
1263 650 1473 681 coronam
1503 639 1559 681 ab
1579 638 1705 680 Euri-

145 708 266 763 pidis
293 707 525 763 tragoedia
552 707 743 750 alienam
773 707 928 756 fuisse,
957 707 1036 749 sed
1067 710 1199 750 restat
1226 720 1314 750 una
1338 721 1406 751 res
1425 710 1703 771 gravissima,

146 790 263 832 quae
306 789 485 820 omnem
530 778 855 820 dubitationem
900 777 1035 820 tollit:
1093 776 1137 820 Si
1181 777 1386 821 Theseus
1415 780 1535 821 dono
1567 780 1704 833 patris

144 849 234 900 (vel
279 848 518 900 novercae)
557 861 579 891 e
613 849 868 903 labyrintho
899 850 1101 891 servatus
1134 850 1266 899 esset,
1300 848 1520 892 Ariadnae
1555 849 1704 892 nullus

147 919 233 962 iam
267 919 395 962 locus
442 922 562 962 esset
595 920 777 962 relictus
811 920 854 961 in
888 919 1054 962 fabula.

203 989 256 1032 Et
287 1002 440 1033 revera
472 990 627 1045 Mayer
658 990 900 1033 Ariadnam
935 991 979 1032 in
1013 990 1244 1045 tragoedia
1284 992 1433 1032 nostra
1467 1001 1704 1044 personam

145 1061 294 1116 egisse
342 1061 536 1116 negavit,
571 1061 830 1112 levissimis,
864 1061 900 1103 si
936 1060 1045 1114 quid
1078 1060 1224 1106 video,
1261 1061 1533 1115 argumentis
1566 1061 1704 1103 nisus.

146 1129 218 1175 Sic
253 1132 370 1175 enim
403 1132 494 1174 fere
528 1133 816 1174 ratiocinatur
848 1133 915 1173 vir
947 1131 1137 1173 doctus:
1172 1130 1327 1173 Tradit
1358 1131 1510 1173 fabula
1528 1131 1707 1186 vulgata

143 1201 383 1246 Ariadnam
427 1215 452 1246 a
493 1203 673 1245 Theseo
718 1215 772 1245 ex
815 1200 946 1246 Creta
989 1202 1167 1244 ductam
1212 1213 1312 1244 esse
1357 1204 1489 1256 atque
1523 1203 1627 1244 dum
1662 1203 1705 1244 in

144 1273 271 1316 Naxo
305 1274 452 1317 insula
484 1276 680 1316 moratur
706 1285 730 1316 a
758 1273 938 1316 Baccho
969 1275 1139 1327 raptam
1168 1273 1237 1315 vel
1268 1284 1292 1315 a
1319 1272 1498 1315 Theseo
1527 1273 1706 1316 Baccho

145 1351 409 1388 concessam
439 1356 553 1388 esse.
584 1342 673 1388 Sed
702 1345 746 1387 in
776 1344 1022 1399 Hippolyto
1052 1344 1064 1385 l
1094 1342 1310 1393 Phaedra,
1328 1343 1548 1386 Ariadnae
1567 1355 1706 1395 soror,

144 1415 310 1459 Thesei
360 1428 470 1458 uxor
517 1419 598 1458 est.
643 1414 687 1459 Si
732 1416 866 1471 igitur
909 1415 1149 1470 Euripides
1190 1414 1388 1457 fabulam
1418 1415 1621 1457 traditam
1652 1416 1707 1458 de

143 1485 340 1529 Ariadna
388 1487 431 1528 in
478 1486 658 1529 Theseo
707 1497 788 1529 sua
836 1488 1019 1529 secutus
1068 1488 1200 1536 esset,
1250 1486 1292 1527 in
1337 1497 1424 1528 una
1467 1488 1508 1527 et
1550 1485 1706 1528 eadem

144 1557 322 1613 trilogia
354 1557 703 1613 discrepantiam
739 1557 1103 1612 inexplicabilem
1133 1557 1391 1599 creavisset.
1417 1556 1551 1598 Nullo
1570 1557 1707 1598 modo

146 1629 263 1671 enirn
321 1628 488 1684 tingere
547 1630 692 1684 potuit
742 1629 968 1671 Theseum
1029 1628 1219 1683 primum
1267 1627 1504 1670 Ariadnam
1554 1639 1705 1670 secum

146 1700 367 1748 avexisse‚
410 1712 528 1750 mox,
572 1700 648 1742 ubi
699 1700 741 1742 in
784 1699 912 1742 Naxo
942 1699 1089 1742 insula
1118 1698 1298 1741 Baccho
1327 1710 1422 1740 eam
1453 1699 1708 1741 concessis-

145 1771 226 1821 set,
255 1770 358 1813 inde
387 1769 563 1814 Cretam
590 1782 816 1814 reversum
850 1782 1048 1813 sororem
1079 1770 1122 1811 in
1151 1769 1480 1812 matrimonium
1510 1769 1706 1811 duxisse.

85 1871 95 1883 .
145 1841 297 1895 ltaque
335 1844 460 1897 grato
494 1843 644 1884 animo
679 1844 813 1897 poeta
846 1841 1032 1896 arripuit
1065 1841 1245 1883 alteram
1286 1840 1404 1882 illam
1438 1840 1706 1891 versionem,

146 1912 202 1955 ab
246 1912 513 1967 Epimenide
553 1911 826 1956 Creticarum
862 1924 1004 1954 rerum
1040 1911 1257 1966 scriptore
1283 1909 1316 1965 ¹)
1350 1913 1584 1961 servatam,
1619 1920 1707 1963 qua

146 1981 353 2026 Bacchus
395 1995 484 2025 non
529 1996 552 2027 e
594 1983 736 2035 Naxo,
770 1984 850 2026 sed
884 1995 907 2026 e
942 1983 1084 2037 patria
1118 1983 1217 2037 ipsa
1249 1981 1487 2024 Ariadnam
1523 1980 1706 2023 duxisse

146 2053 320 2104 dicitur,
379 2065 514 2109 quam
573 2054 737 2098 deinde
786 2056 861 2097 aut
909 2054 1007 2108 ipse
1056 2055 1130 2095 aut
1177 2053 1274 2095 eius
1322 2051 1513 2094 consilio
1561 2049 1706 2093 Diana

147 2124 365 2167 interficit.
408 2124 475 2168 Ad
518 2126 635 2168 hanc
676 2125 875 2168 fabulam
919 2136 967 2167 se
1012 2124 1249 2179 applicans
1284 2124 1417 2177 poeta
1451 2122 1493 2163 in
1525 2121 1705 2163 Theseo

146 2205 228 2238 sua
260 2195 487 2239 Theseum
517 2197 691 2239 induxit
720 2209 809 2239 non
838 2196 1092 2247 Ariadnam,
1122 2195 1201 2237 sed
1231 2193 1476 2236 Phaedram
1507 2203 1704 2234 sororem

145 2266 244 2309 eius
276 2278 299 2309 e
333 2265 466 2310 Creta
498 2267 812 2310 abducentem.

205 2335 349 2388 Quam
399 2338 661 2392 opinionem
711 2338 864 2393 Mayer
911 2337 1161 2380 confirmari
1200 2337 1336 2390 ‘putat
1378 2334 1542 2376 duobis
1582 2333 1705 2375 hisce

145 2408 368 2460 versibus,
397 2409 472 2463 qui
504 2410 547 2451 in
575 2408 891 2464 Aristophanis
917 2407 1106 2462 Polyido
1130 2407 1335 2461 leguntur
1353 2405 1420 2456 (tr.
1439 2404 1524 2446 453
1539 2402 1681 2454 Kock)

383 2480 476 2520 ἰδοὺ
508 2480 657 2532 δίδωμι
693 2481 900 2532 τήνδ’ἐγὼ
933 2481 1113 2532 γυναῖκά
1147 2493 1211 2518 σοι

382 2550 585 2605 Φαίδραν·
621 2554 689 2591 ἐπὶ
721 2556 805 2605 πῦρ
837 2550 881 2590 δὲ
913 2555 997 2603 πῦρ
1029 2551 1136 2601 ἔοιχ’
1167 2552 1282 2599 ἥκειν
1315 2550 1439 2598 ἄγων.

189 2700 220 2739 1)
243 2707 272 2731 v.
296 2698 433 2734 Robert.
457 2699 627 2732 Eratosth.
652 2698 779 2732 Catast.
805 2707 835 2739 p.
858 2698 908 2735 66,
931 2698 1001 2729 241.

1649 2796 1705 2838 79
