2174 3374
1071 955 1372 1008 CAPUT
1436 957 1528 1007 111.

982 1227 1052 1270 De
1087 1225 1341 1281 Euripidis
1386 1225 1636 1281 ‚,Aegeo”.

582 1360 746 1403 Eadem
793 1358 1031 1409 celeritate,
1072 1369 1162 1411 qua
1205 1356 1543 1399 Atheniensium
1585 1356 1690 1399 urbs
1723 1356 1856 1399 bellis
1889 1356 2084 1400 Persicis

522 1431 643 1474 velut
677 1443 699 1473 e
734 1430 869 1485 longo
905 1440 1067 1471 somno
1102 1439 1295 1471 excussa
1329 1428 1492 1470 claram
1527 1439 1574 1470 se
1608 1428 1781 1470 viderat
1814 1430 1855 1470 et
1888 1440 1942 1470 ex
1975 1428 2083 1470 urbe

522 1502 687 1544 rustica
715 1501 985 1555 placidaque
1016 1502 1150 1554 caput
1180 1499 1542 1554 potentissimum
1571 1497 1740 1541 Atticae
1768 1500 1908 1541 terrae
1927 1510 2085 1542 evase-

523 1576 599 1624 rat,
644 1571 920 1626 mythologia
961 1570 1103 1613 Attica
1146 1570 1292 1612 adhuc
1336 1570 1549 1625 languida
1593 1571 1634 1612 et
1676 1569 1869 1612 obscura
1911 1570 2084 1613 radices

522 1655 629 1686 suas
658 1653 1006 1697 quoquoversus
1035 1641 1282 1684 extendens
1310 1641 1580 1694 fabulasque
1610 1640 1866 1695 epichorias
1884 1641 2083 1694 undique

524 1714 749 1756 imbibens
783 1715 823 1755 et
856 1713 911 1755 ad
946 1724 994 1754 se
1028 1713 1210 1755 trahens
1243 1723 1443 1754 crescere
1478 1714 1611 1765 atque
1642 1711 1798 1753 florere
1833 1712 1995 1766 coepit.

581 1785 756 1827 Novum
786 1784 1020 1838 imperium
1051 1784 1327 1826 domesticae
1356 1783 1525 1838 gloriae
1545 1783 1630 1825 sibi
1651 1783 1883 1824 conscium
1904 1783 2083 1825 heroem

522 1867 820 1905 communem,
856 1866 988 1908 quem
1025 1865 1183 1896 omnes
1217 1857 1445 1907 tamquam
1489 1855 1668 1909 generis
1702 1857 1927 1896 auctorem
1963 1854 2085 1897 cole-

522 1929 630 1977 rent,
674 1925 1101 1979 circumspiciebant
1143 1924 1463 1978 Theseumque
1506 1924 1701 1979 Neptuni
1735 1924 1874 1967 filium
1909 1928 2084 1980 poetae,

521 1997 726 2046 artifices,
785 1996 1099 2050 mythographi
1158 1997 1279 2038 tanto
1338 1996 1494 2037 ardore
1547 1995 1884 2038 celebraverunt
1930 1997 2084 2050 totque

520 2067 796 2110 facinoribus
830 2067 1068 2121 stupendis
1103 2068 1144 2111 et
1180 2066 1432 2121 magnificis
1469 2066 1655 2108 alterum
1690 2066 1812 2108 illum
1848 2066 2084 2109 Herculem

522 2138 875 2188 cumulaverunt,
912 2140 957 2180 ut
990 2141 1065 2177 οὐκ
1098 2141 1201 2177 ἄνευ
1233 2153 1278 2189 γε
1312 2138 1478 2190 Θησέως
1510 2137 1630 2191 apud
1666 2139 1873 2191 posteros
1907 2138 1949 2179 in
1985 2149 2086 2192 pro-

521 2209 676 2252 verbio
710 2209 854 2251 fuerit.

582 2279 771 2324 Scenam
828 2280 1041 2335 tragicam
1103 2279 1289 2322 multum
1349 2279 1547 2321 valuisse
1606 2279 1661 2321 ad
1710 2279 1886 2321 laudem
1936 2280 2087 2322 herois

522 2355 795 2392 άιτικωτάτου
825 2351 1177 2393 confirmandam
1208 2353 1249 2392 et
1275 2350 1584 2392 illustrandam
1613 2350 1745 2392 facile
1768 2350 2085 2405 intellegimus.

523 2422 574 2464 Et
602 2420 855 2475 Sophocles
885 2424 925 2463 et
954 2421 1196 2475 Euripides
1224 2420 1556 2475 spectatoribus
1585 2421 1792 2463 iuvenem
1816 2432 2085 2476 generosum

524 2492 711 2546 patriam
732 2492 940 2534 hostibus
961 2492 1135 2534 infestis
1156 2492 1460 2545 monstrisque
1480 2492 1628 2534 saevis
1652 2491 1913 2534 liberantem
1934 2494 2086 2534 osten-

524 2563 694 2613 derunt,
724 2574 913 2616 quorum
943 2563 1228 2605 nobilissima
1256 2564 1546 2605 monumenta
1575 2585 1628 2591 —
1648 2574 1781 2617 grave
1800 2562 2010 2605 damnum
2031 2587 2084 2591 —

524 2635 620 2676 sine
662 2634 854 2688 vestigio
898 2633 988 2675 fere
1034 2634 1273 2688 perierunt,
1318 2634 1376 2675 ita
1420 2638 1465 2676 ut
1509 2634 1765 2689 tragoediae
1801 2632 2084 2687 Sophocleae

523 2704 598 2745 vix
641 2715 804 2746 nomen
851 2704 1023 2746 salvum
1074 2705 1128 2747 ad
1178 2716 1261 2747 nos
1311 2705 1563 2759 pervenerit
1607 2702 1771 2758 (utrum
1803 2704 1981 2760 Aegeus
2025 2717 2080 2748 an

525 2820 582 2862 54
