2174 3374
435 469 590 501 sumus
634 469 767 512 quam
810 458 853 499 in
903 458 970 509 iis,
1015 469 1131 512 quae
1175 459 1230 500 ad
1263 459 1449 500 aetatem
1488 458 1726 511 mythicam
1761 459 1995 512 pertinent.

494 529 635 571 Etiam
685 528 823 570 multo
873 529 1016 583 magis
1066 539 1202 582 quam
1252 530 1376 570 aetas
1435 528 1632 581 ipsarum
1681 540 1824 570 rerum
1881 540 1996 582 quae
2056 537 2060 538 ⁷

435 601 665 641 narrantur
712 599 891 640 indoles
941 600 981 640 et
1029 598 1155 640 color
1198 598 1367 640 indicio
1411 600 1527 648 sunt,
1561 599 1704 640 utrum
1739 598 1997 641 referendae

436 670 526 712 sint
573 669 628 711 ad
679 669 789 711 illud
838 668 974 710 robur
1021 667 1233 710 omnibus
1278 667 1536 710 Atthidibus
1581 679 1820 711 commune
1853 680 1907 711 an
1941 669 1998 711 ad

437 740 569 782 unius
596 739 832 793 scriptoris
851 739 1114 793 opinionem
1134 739 1407 793 singularem
1428 750 1452 780 a
1471 739 1631 781 ceteris
1651 750 1739 780 non
1758 740 1998 793 receptam.

497 809 625 854 Ratio
674 810 792 852 enim
842 809 925 852 fert
967 821 1044 852 eas
1088 810 1366 852 narrationes
1406 811 1448 852 et
1478 809 1656 852 fabulas
1696 820 1811 863 quae
1845 810 1999 864 aliquo

437 881 572 923 modo
615 880 958 923 Atheniensium
1002 880 1190 935 gloriam
1234 880 1460 935 augebant
1492 891 1672 935 semper
1704 891 1866 935 magna
1899 892 1999 923 cum

437 963 543 994 cura
574 951 789 994 collectas
823 953 866 993 et
899 953 1189 993 conservatas
1222 962 1337 993 esse.
1373 951 1524 1005 ltaque
1557 951 1593 993 si
1625 951 1667 992 in
1703 961 1791 993 una
1822 950 2000 993 Atthide

437 1022 590 1066 fabula
637 1022 859 1076 quaedam
892 1020 952 1076 Thin
1002 1022 1170 1075 patriae
1220 1023 1434 1064 honorem
1494 1024 1668 1064 narrata
1715 1022 1784 1064 vel
1834 1023 2002 1064 mutata

438 1095 542 1143 erat,
587 1093 700 1134 hanc
746 1093 1043 1135 narrationem
1083 1092 1151 1135 vel
1197 1093 1490 1134 mutationem
1530 1093 1573 1134 in
1608 1103 1766 1134 omnes
1798 1092 2003 1135 Atthides

439 1167 683 1217 sequentes
711 1163 970 1205 translatam
1002 1174 1102 1205 esse
1131 1165 1300 1205 certum
1319 1163 1507 1205 videtur.
1529 1162 1625 1204 Hoc
1644 1165 1789 1204 autem
1811 1163 2002 1205 maxime

438 1234 556 1276 valet
597 1234 652 1276 de
696 1233 976 1287 temporibus
1018 1234 1241 1286 mythicis‚
1286 1245 1475 1287 quorum
1516 1233 1695 1275 traditio
1737 1233 1916 1276 facilius
1959 1233 2002 1275 in

440 1305 607 1359 patriae
651 1304 829 1346 laudem
874 1304 1129 1358 detorqueri
1177 1306 1363 1358 poterat.
1413 1304 1471 1347 Ut
1504 1304 1758 1358 exemplum
1793 1304 2002 1347 afferam:

438 1375 738 1418 Athenienses
786 1386 966 1429 semper
1013 1375 1231 1429 originem
1282 1374 1417 1429 Aegei
1464 1372 1691 1428 (primitus
1730 1375 1785 1417 ab
1817 1374 2005 1417 Athenis

440 1443 727 1499 alienissimi)
770 1445 827 1487 ab
871 1445 991 1487 omni
1037 1445 1214 1487 macula
1258 1447 1439 1487 externa
1478 1445 1707 1487 vindicare
1742 1446 2006 1488 studuerunt

441 1528 634 1571 eumque
683 1528 836 1558 verum
890 1515 1140 1558 Pandionis
1187 1516 1327 1558 filium
1375 1515 1577 1558 fecerunt
1619 1519 1752 1570 atque
1800 1517 1859 1558 ita
1902 1528 2003 1559 cum

441 1588 599 1630 illustri
649 1587 883 1630 Erechthei
931 1589 1063 1642 gente
1112 1587 1454 1629 coniunxerunt.
1520 1586 1644 1629 Hanc
1693 1587 2005 1642 genealogiam

441 1671 530 1702 non
575 1659 630 1701 ab
675 1670 778 1709 uno,
823 1658 902 1702 sed
947 1658 1004 1700 ab
1048 1658 1261 1700 omnibus
1292 1657 1664 1713 Atthidographis
1697 1659 1822 1713 grato
1854 1658 2004 1700 animo

442 1733 666 1785 receptam
716 1732 758 1772 et
806 1731 1100 1784 propagatam
1151 1740 1266 1779 esse,
1326 1729 1447 1770 omni
1506 1728 1646 1771 dubio
1695 1731 1824 1771 vacat
1870 1730 2004 1782 atque

442 1813 594 1844 revera
638 1800 759 1855 apud
803 1799 1143 1842 Phanodemum
1179 1797 1248 1853 (fr.
1283 1797 1360 1853 3a)
1393 1798 1573 1854 Aegeus
1607 1798 1855 1842 Pandionis
1886 1799 2006 1841 filius

443 1873 578 1915 audit.
608 1872 795 1914 Minime
816 1872 949 1926 igitur
965 1871 1053 1912 fide
1073 1870 1238 1925 dignus
1257 1873 1324 1913 est
1342 1870 1531 1913 Tzetzes
1549 1867 1626 1924 (ad
1647 1870 1864 1924 Lycophr.
1884 1867 2005 1920 495),

443 1943 724 1986 contendens
757 1942 1077 1984 Androtionem
1113 1942 1368 1999 tradidisse·
1389 1940 1587 1996 Aegeum
1625 1945 1701 1982 ἕνα
1735 1947 1815 1982 τῶν
1848 1941 2006 1981 ἀναδο-

442 2017 605 2055 θέντων
646 2017 690 2054 ἐκ
733 2019 812 2054 τῶν
856 2014 1039 2054 ὀδόντων
1081 2018 1152 2053 τοῦ
1196 2013 1420 2067 δράκοντος
1463 2018 1534 2053 τοῦ
1572 2015 1616 2052 ἐν
1650 2012 1811 2064 Θήβαις
1842 2011 2005 2061 fuisse3

444 2084 566 2139 quod
601 2085 736 2127 errori
769 2084 921 2127 deberi
959 2095 1039 2138 pro
1075 2085 1194 2125 certo
1227 2083 1445 2125 affirmare
1479 2093 1738 2136 possumus.
1762 2079 1803 2136 1)
1837 2081 1934 2124 Tali
1963 2082 2007 2123 in

445 2167 488 2197 re
538 2166 696 2197 omnes
743 2154 949 2197 Atthides
999 2154 1304 2197 concordasse
1347 2154 1624 2196 confidenter
1665 2153 1845 2195 credere
1890 2152 2006 2195 licet.

505 2225 712 2280 Denique
742 2225 865 2268 nullo
895 2226 1076 2280 negotio
1106 2225 1377 2280 intellegitur
1405 2236 1631 2279 quamque
1658 2223 1882 2266 Atthidem
1902 2234 2007 2265 auc—

445 2297 554 2339 toris
588 2297 656 2339 sui
692 2296 1006 2351 professionis,
1042 2296 1225 2351 ingenii,
1260 2296 1396 2338 studii
1431 2295 1632 2350 speciem
1667 2306 1773 2349 prae
1806 2305 1854 2336 se
1882 2293 2008 2344 ferre,

445 2367 768 2410 Androtionem
804 2379 840 2410 e.
876 2379 931 2422 g.‚
967 2367 1042 2421 qui
1079 2367 1177 2421 ipse
1206 2367 1450 2409 historicus
1479 2368 1582 2416 erat,
1614 2376 1683 2408 res
1700 2365 1756 2407 ad
1776 2364 2008 2407 historiam

447 2439 720 2493 pertinentes
759 2438 905 2481 fusius
948 2440 1179 2488 tractasse,
1218 2436 1537 2480 Philochorum
1573 2438 1720 2478 autem
1753 2438 1906 2488 μάντιν
1937 2441 2009 2475 καὶ

447 2513 697 2563 ἱεροσκόπον
739 2509 806 2561 (ut
848 2507 1014 2552 Suidae
1059 2508 1209 2551 verbis
1257 2508 1371 2560 utar)
1422 2508 1466 2550 in
1511 2507 1646 2550 rebus
1688 2507 1829 2550 sacris
1873 2506 2008 2548 inter-

495 2659 524 2696 l)
549 2658 625 2690 Vid.
650 2666 725 2698 cap.
750 2658 786 2691 V.

450 2762 477 2804 8
