2174 3374
468 526 595 561 μενος
626 515 820 564 χρησμὸν
852 512 1023 562 ἔλαβεν,
1059 514 1119 551 ὅτι
1152 515 1312 563 νικήσει
1346 516 1438 559 τοὺς
1470 514 1666 566 ἐχθροὺς,
1699 515 1775 552 ἐὰν
1807 517 1878 564 τὴν
1904 528 2032 567 πρεσ-

468 583 651 633 βυτάτην
693 587 773 620 τῶν
812 583 1059 635 θυγατέρων
1095 582 1348 635 Περσεφόνῃ
1389 584 1516 636 θύσῃ.
1551 583 1909 636 Παραγενόμενος
1936 582 2034 630 ὃέἰς

473 650 663 702 Ἀθήνας
680 652 909 705 Πραξιθέᾳ
928 657 974 704 τῇ
1002 657 1169 703 γυναικὶ
1196 657 1288 703 τὴν
1320 652 1734 706 Πυθόχρηστον
1761 658 2033 704 μαντείαν

471 723 738 773 ἀπήγγειλεν,
773 720 856 761 εἶθ’
892 725 997 761 οὕτω
1026 726 1097 773 τὴν
1125 725 1253 775 κόρην
1280 727 1565 776 προσαγαγὼν
1592 729 1674 771 τοῖς
1699 725 1862 775 βωμοῖς
1889 725 2034 764 ἀνεῖλε

469 797 539 830 καὶ
574 793 812 843 συμβαλὼν
844 795 914 831 τὸν
946 793 1139 843 πόλεμον
1171 795 1368 845 ἐγκρατὴς
1400 795 1560 844 ἐγένετο
1593 799 1661 845 τῆς
1692 797 1818 846 νίκης.

530 861 622 903 Nec
658 874 747 903 non
783 861 1023 904 Dodonam
1059 874 1159 904 eum
1195 863 1364 905 adiisse
1398 862 1619 906 efficimus
1653 875 1675 905 e
1708 863 1757 906 fr.
1790 862 1900 906 367:

1261 938 1306 974 εἰ)
1338 938 1532 989 ἀστρώτῳ
1564 935 1678 988 πέδῳ

767 1005 949 1055 εὕδουσι,
983 1011 1137 1058 πηγαῖς
1170 1004 1289 1058 ὃόὐχ
1321 1008 1598 1059 ὑγραίνουσιν
1628 1005 1776 1053 πόδας.

529 1074 767 1116 Infeliciter
808 1075 1002 1116 coniecit
1044 1074 1252 1117 Meineke
1293 1087 1381 1117 non
1416 1075 1472 1118 de
1505 1073 1653 1127 Sellis,
1688 1076 1769 1118 sed
1802 1076 1857 1118 de
1890 1075 2033 1118 Thra-

471 1145 601 1187 cibus
646 1145 701 1186 ab
746 1145 969 1199 Eumolpo
1015 1146 1057 1187 in
1103 1146 1244 1188 aciem
1287 1146 1462 1189 eductis
1505 1147 1616 1189 haec
1658 1147 1778 1189 dicta
1811 1158 1926 1197 esse,
1961 1147 2031 1190 cui

470 1217 711 1259 assentitur
742 1216 911 1258 Nauck.
945 1215 1012 1258 Ad
1046 1215 1285 1259 Dodonam
1316 1229 1499 1272 quoque
1527 1218 1664 1260 verba
1681 1217 1730 1260 fr.
1749 1218 1836 1260 368
1861 1222 2034 1271 μίασμα

470 1289 592 1342 δρυός
640 1288 860 1342 pertinere
909 1288 1129 1330 videntur.
1174 1287 1460 1342 Quicumque
1505 1289 1686 1331 miratur
1728 1289 1818 1331 duo
1852 1289 2033 1331 oracula

470 1358 527 1399 ab
572 1358 820 1400 Erechtheo
865 1358 1073 1400 consulta
1117 1369 1231 1409 esse,
1276 1359 1533 1401 recordetur
1575 1357 1733 1403 Croesi
1784 1349 2034 1413 compluria

470 1429 651 1471 oracula
699 1429 993 1479 consulentis,
1042 1429 1307 1472 dimittentis
1355 1431 1518 1478 ἄλλους
1567 1432 1696 1484 ἄλλῃ,
1740 1434 1833 1478 τοὺς
1872 1433 1953 1482 μὲν
1993 1433 2034 1477 ἐς

400 1528 402 1530 v
470 1501 657 1552 Δελφοὺς
699 1504 822 1551 ἰέναι,
866 1505 958 1549 τοὺς
1001 1501 1161 1542 ὄὲ....
1197 1503 1237 1548 ἐς
1280 1501 1496 1553 Δωδώνην.
1543 1497 1728 1555 (Herod.
1763 1500 1790 1552 l,
1833 1497 1924 1554 46).
1970 1500 2033 1542 ΕΧ

470 1571 571 1625 ipso
631 1583 813 1625 quoque
878 1571 1090 1625 Euripide
1155 1571 1380 1626 analogon
1446 1571 1600 1614 afferre
1659 1582 1920 1626 possumuS,
1978 1583 2033 1614 ex

472 1641 647 1692 ,‚Ione”,
697 1642 772 1684 ubi
806 1641 983 1684 Xuthus
1033 1642 1226 1696 primum
1278 1642 1509 1684 oraculum
1555 1642 1824 1697 Trophonii,
1867 1642 2032 1684 deinde

469 1712 740 1767 Delphicum
800 1713 855 1755 de
915 1713 1071 1755 eadem
1132 1724 1175 1755 re
1233 1713 1520 1756 consuluisse
1578 1713 1741 1755 dicitur
1787 1711 1907 1767 (Eur.
1955 1712 2031 1755 Ion

469 1795 533 1826 vs.
568 1784 836 1836 300—302).

529 1855 674 1898 Verba
708 1854 931 1897 Plutarchi
966 1852 1139 1909 (Moral.
1168 1854 1256 1897 310
1283 1852 1362 1908 D):
1396 1855 1648 1909 »Ἐρεχθεὺς
1674 1858 1778 1909 πρὸς
1793 1855 2032 1907 Εὔμολπον

468 1929 672 1979 πολεμῶν
729 1928 868 1978 ἔμαθε
925 1932 1108 1978 νικῆσαι,
1171 1929 1247 1966 ἐὰν
1304 1931 1376 1978 τὴν
1434 1928 1652 1980 θυγατέρα
1699 1927 1912 1980 προθύσῃ,
1960 1931 2031 1966 καὶ

469 2001 811 2050 συγκοινωνήσας
868 2003 914 2050 τῇ
971 2003 1138 2049 γυναικὶ
1196 1998 1427 2052 Πραξιθέᾳ
1484 1998 1700 2050 προέθυσε
1756 2000 1829 2048 τήν
1881 1996 2028 2036 παῖδα.

466 2071 675 2121 μέμνηται
736 2068 970 2121 Εὐριπίδης
1016 2070 1061 2107 ἐν
1110 2065 1338 2122 Ἐρεχθεῖ”
1398 2066 1591 2120 probant
1648 2077 1797 2121 regem
1847 2077 2030 2108 uxorem

468 2150 595 2180 suam
631 2137 910 2180 Praxitheam
948 2137 1092 2180 celare
1126 2149 1216 2179 non
1251 2137 1455 2191 potuisse
1477 2134 1523 2189 ¹),
1552 2137 1622 2179 cui
1652 2137 1860 2179 sacrificii
1889 2147 2032 2191 appa-

469 2211 589 2251 ratus
623 2209 873 2251 destinatus
907 2210 1038 2251 esset.
1087 2208 1225 2250 Immo
1261 2207 1459 2263 reginam
1495 2207 1700 2250 maritum
1734 2218 1864 2250 suum
1899 2206 2031 2249 dubi-

467 2282 631 2322 tantem
662 2282 703 2322 et
732 2281 1015 2323 cunctantem
1045 2279 1101 2321 ad
1131 2278 1400 2321 sacrificium
1420 2278 1601 2321 crudele
1622 2278 1835 2321 incitasse
1854 2288 2030 2320 summo

469 2352 561 2393 iure
594 2362 617 2393 e
651 2351 700 2393 fr.
734 2350 821 2393 360
853 2361 917 2393 vs.
952 2350 1009 2392 36
1037 2362 1137 2404 sqq.
1168 2349 1316 2392 effecit
1351 2348 1600 2400 Wecklein,
1619 2347 1655 2403 2)
1684 2349 1759 2391 ubi
1795 2347 2030 2391 Praxithea

469 2422 763 2464 Erechtheum
799 2422 923 2464 hisce
957 2421 1108 2464 verbis
1142 2421 1413 2474 alloquitur:

511 2614 540 2653 l)
565 2613 615 2645 Cf,
640 2613 776 2645 Demar,
802 2613 821 2644 l.
842 2613 944 2644 1,;,.,
968 2606 1174 2652 Πραξιθέᾳ
1201 2610 1243 2652 τῇ
1269 2606 1422 2651 γυναικὶ
1450 2606 1516 2650 τὴν
1541 2605 1825 2651 Πυθόχρηστον
1846 2606 2030 2651 μαντείαν

467 2667 714 2713 ἀπήγγειλεν.

507 2726 540 2765 2)
564 2726 644 2758 Sitz.
668 2726 738 2757 ber.
761 2726 823 2757 der
846 2725 882 2757 K.
907 2725 939 2756 b.
962 2724 1071 2757 Akad.
1095 2724 1156 2756 der
1180 2723 1283 2755 wiss.
1308 2731 1350 2755 zu
1374 2723 1550 2755 Miinchen
1577 2722 1666 2759 1890,
1689 2731 1720 2762 p.
1743 2723 1762 2754 8
1785 2730 1863 2763 sqq.

468 2830 524 2871 20
