2174 3374
482 526 662 581 Ulpiani
713 524 872 575 verba,
923 524 1169 566 dummodo
1219 526 1423 566 accurate
1484 533 1535 564 ea
1591 519 1834 575 inspicias,
1891 518 2038 561 adhuc

482 597 678 639 indicare
726 596 933 637 videntur
982 595 1095 636 hanc
1146 595 1401 637 versionem
1447 604 1536 635 non
1571 603 1593 634 e
1628 590 1900 633 Philochoro
1936 600 2040 643 pro-

481 667 646 709 venire.
697 665 929 708 Vocabula
977 665 1121 707 enim:
1174 669 1255 715 „653
1305 679 1432 717 φησιν
1477 666 1498 703 ὁ
1542 660 1805 715 Φιλόχορος”
1846 659 1949 701 ideo
1983 658 2039 700 ad

482 736 799 792 praecedentia
846 735 993 778 solum
1045 735 1266 790 pertinere
1311 736 1535 789 putamus,
1580 732 1703 786 quia,
1746 731 1782 773 si
1818 729 2042 784 Ulpianus

481 808 717 862 sequentia
745 818 929 861 quoque
960 818 1013 849 ex
1048 806 1208 849 eodem
1242 805 1601 860 Atthidographo
1631 801 1916 856 sumpsisset,
1944 800 2041 842 sine

480 879 620 921 dubio
654 878 915 932 scripsisset
948 889 1061 919 non:
1100 878 1282 930 Λέγουσι
1316 877 1373 926 δὲ,
1408 876 1488 918 sed
1521 875 1645 927 Λέγει
1679 874 1736 914 δὲ.
1771 871 2042 924 Quicunque

480 950 558 997 illi,
617 949 692 1003 qui
746 949 856 991 haec
914 947 1158 1001 ,,λε’γουσι”,
1206 947 1398 997 fuerunt,
1447 945 1748 988 Philochorus
1796 943 1839 984 in
1889 952 2041 984 eorum

481 1032 665 1063 numero
714 1019 854 1062 fuisse
904 1031 994 1061 non
1043 1019 1232 1061 videtur.
1283 1016 1328 1061 Si
1375 1018 1484 1060 haec
1520 1018 1637 1059 recte
1671 1013 1915 1068 disputavi,
1948 1011 2041 1054 lieri

483 1104 572 1134 non
623 1092 786 1146 potest,
836 1091 944 1144 quin
995 1090 1177 1144 Ulpiani
1225 1089 1380 1132 titulus
1429 1088 1561 1131 etiarn
1609 1086 1737 1141 plura
1776 1083 2045 1126 continuerit

482 1174 615 1216 quam
661 1173 778 1203 nunc
824 1161 1030 1216 legimus,
1075 1172 1175 1202 narn
1220 1171 1321 1202 eum
1364 1158 1686 1201 Philochorum
1729 1153 2043 1198 tantummodo

482 1234 645 1275 citasse
688 1232 743 1275 ad
787 1232 1073 1286 probandum
1118 1230 1360 1286 Aglaurum
1406 1233 1447 1272 et
1481 1229 1652 1272 Hersen
1689 1230 1730 1270 et
1763 1225 2042 1270 Pandrosum

481 1304 597 1346 filias
638 1302 857 1357 Cecropis
900 1302 1041 1345 fuisse
1086 1325 1139 1330 —
1185 1301 1308 1356 quod
1353 1312 1485 1343 nemo
1521 1310 1733 1353 umquam
1768 1301 1947 1356 negavit
1987 1323 2045 1329 —

480 1374 722 1417 verisimile
757 1386 847 1416 non
882 1375 961 1416 est.
992 1373 1199 1415 Fortasse
1229 1372 1491 1415 exciderunt
1520 1373 1623 1425 post
1641 1382 1805 1414 nornen
1824 1373 2046 1426 Κέκροπος

482 1445 618 1488 verba
650 1446 949 1500 διεφθάρησαν
984 1447 1065 1484 ὑπὸ
1098 1449 1169 1484 τοῦ
1202 1444 1427 1498 δράκοντος
1460 1441 1514 1485 Cf.
1553 1439 1796 1496 [Apollod]
1838 1442 1952 1485 Bibl.
1983 1441 2045 1493 HI,

487 1517 552 1567 14,
585 1516 640 1559 6:
688 1523 759 1557 καὶ
803 1520 865 1564 ὡς
905 1520 1005 1567 μὲν
1047 1517 1199 1555 ἔνιοι
1244 1512 1625 1567 (ΡὴίΙΟΕῇΟῙῊΞῬ)
1659 1514 1931 1565 λέγουσιν
1974 1515 2047 1553 ὑπ”

483 1590 611 1628 αὐτοῦ
655 1588 954 1641 διεφθάρησαν
996 1591 1067 1626 τοῦ
1109 1586 1345 1639 δράκοντος.
1392 1582 1586 1627 Ovidius
1628 1606 1685 1611 —
1719 1583 1823 1626 Met.
1868 1583 1898 1625 ll
1932 1583 2046 1626 559:

482 1658 663 1700 timidas
710 1660 843 1700 vocat
891 1668 978 1699 una
1026 1667 1205 1698 sorores
1237 1653 1576 1710 {Aglauros,
1626 1655 1864 1709 nodosque
1914 1665 2047 1696 manu

483 1729 655 1770 diducit
686 1751 743 1756 -
777 1728 989 1770 maiorem
1025 1727 1186 1781 culpae
1221 1728 1389 1781 partem
1425 1725 1619 1780 Aglauro
1654 1725 1819 1768 tribuit.

542 1799 645 1842 Item
688 1799 804 1841 filiae
849 1796 1067 1852 Cecropis
1111 1800 1153 1840 et
1196 1796 1431 1839 Erechthei
1477 1797 1589 1839 inter
1632 1807 1679 1839 se
1715 1796 2049 1839 confunduntur

483 1870 538 1912 ab
579 1869 770 1925 Hygino,
817 1869 892 1923 qui
935 1868 1110 1911 Astron.
1156 1868 1185 1910 ΙΙ
1235 1868 1286 1910 13
1330 1880 1372 1922 p.
1422 1867 1509 1909 446
1554 1867 1830 1910 Erichthonii
1877 1867 2048 1910 natales

485 1952 696 1983 enarrans
725 1941 834 1982 haec
863 1939 1019 1982 habet:
1047 1950 1174 1990 „eum
1195 1939 1357 1982 dicitur
1375 1938 1579 1981 Minerva
1599 1939 1641 1980 in
1662 1938 1835 1981 cistella
1854 1938 2048 1993 quadam

485 2014 530 2054 ut
563 2011 771 2066 mysteria
804 2012 1058 2054 contectum
1093 2011 1149 2053 ad
1200 2009 1511 2053 Erechthei
1547 2009 1715 2052 filias
1759 2009 1975 2052 detulisse
2009 2012 2051 2051 et

484 2083 554 2125 his
598 2082 780 2125 dedisse
824 2081 1124 2124 servandum”
1170 2093 1206 2124 e.
1238 2093 1279 2135 q.
1310 2092 1343 2123 s.
1392 2080 1598 2123 Fortasse
1639 2079 1922 2131 Robertu51)
1956 2079 2049 2122 iure

484 2156 650 2196 textum
686 2153 757 2195 hic
790 2153 1003 2195 vitiosum
1033 2163 1133 2195 esse
1163 2152 1315 2194 statuit
1344 2154 1385 2194 et
1412 2163 1511 2194 cum
1542 2162 1595 2193 eo
1625 2151 1940 2206 corrigendum
1960 2152 2049 2193 est:

485 2222 771 2279 Cecropis
804 2223 993 2274 filias,
1028 2234 1082 2266 eo
1116 2223 1260 2278 magis
1295 2223 1417 2277 quod
1452 2222 1570 2264 idem
1605 2221 1810 2278 Hyginus
1838 2221 2050 2264 alioloco

485 2293 597 2349 (fab.
632 2293 733 2349 166)
763 2306 926 2338 munus
955 2294 1154 2337 cistellae
1183 2294 1432 2337 servandae
1462 2291 1682 2348 Cecropis
1699 2292 1880 2336 filiabus
1898 2293 2048 2336 datum

484 2366 625 2409 fuisse
653 2366 796 2408 tradit.
829 2365 1106 2421 Ermatinger
1124 2363 1160 2419 2)
1189 2368 1336 2408 tamen
1368 2366 1519 2407 monet
1542 2365 1585 2406 in
1604 2375 1711 2407 vase
1731 2362 1987 2407 Cornetano
2011 2363 2049 2413 ³)

484 2440 572 2480 tres
606 2435 887 2491 Cecropidas
920 2434 1125 2490 (nomina
1159 2436 1387 2490 adscripta
1415 2436 1536 2487 sunt)
1566 2447 1652 2478 una
1682 2446 1781 2478 curn
1803 2434 2050 2477 Erechtheo

530 2624 560 2662 l)
584 2623 757 2656 Eratosth.
778 2622 906 2656 Catast.
931 2622 1001 2657 Rel.
1026 2630 1059 2663 p.
1085 2622 1152 2655 101.

527 2676 560 2714 2)
584 2675 648 2707 Die
672 2676 735 2707 Att.
761 2676 1120 2715 Autochthonensage
1145 2676 1176 2707 b.
1201 2683 1229 2708 a.
1255 2675 1331 2707 Eur.
1356 2683 1386 2715 p.
1410 2674 1460 2706 69.

526 2728 559 2767 3)
585 2728 768 2768 Depictum
793 2730 844 2760 est
868 2729 963 2760 Mon.
987 2729 1014 2760 X
1037 2729 1076 2760 T.
1100 2728 1411 2767 39,descripturna
1431 2727 1645 2759 v.d.Flasch
1660 2727 1747 2759 Ann.
1764 2726 1842 2759 1877
1856 2725 1961 2766 p.418
1974 2733 2050 2765 sqq.

489 2830 545 2872 36
