2174 3374
438 494 742 537 adversarium
800 494 940 537 fuisse
984 497 1025 537 et
1073 495 1330 550 Euripidem
1380 497 1560 539 demum
1610 498 1653 539 in
1701 498 1798 540 eius
1847 497 1995 540 locum

439 564 709 619 Eumolpum
759 565 1061 618 substituisse,
1111 568 1157 608 ut
1203 566 1343 608 filium
1387 566 1583 621 Neptuni
1628 579 1728 610 cum
1767 568 1996 610 Minervae

439 636 619 678 alumno
665 637 708 677 in
752 636 873 678 bello
918 639 1223 691 componeret,
1268 637 1481 691 paulatim
1515 640 1662 680 autem
1695 638 1907 681 Ismarum
1940 639 1996 681 ab

439 707 661 762 Eumolpo
697 708 739 749 in
775 707 961 749 historia
992 706 1182 749 fabulari
1213 718 1468 761 repressum
1499 719 1613 751 esse.
1632 707 1686 751 At
1703 709 1739 752 si
1759 708 1998 763 Euripides

439 779 609 832 primus
658 790 738 833 pro
781 778 946 820 Ismaro
991 777 1259 832 Eumolpum
1299 778 1620 830 substituisset,
1655 791 1786 822 nemo
1819 781 1998 834 specta-

439 852 580 891 torum
627 849 773 892 iacere
822 849 1057 903 potuisset,
1109 849 1217 903 quin
1266 849 1442 892 honesti
1489 850 1738 893 sacerdotis
1781 850 1995 893 Eleusinii

439 920 752 974 intempestive
796 931 966 962 memor
999 931 1165 962 novum
1201 920 1322 962 illius
1356 920 1531 963 barbari
1567 921 1800 963 bellatoris
1833 932 1997 963 nomen

437 991 782 1046 reprehenderet
815 993 856 1034 et
889 991 1205 1046 indignaretur.
1240 990 1425 1033 Accedit
1458 992 1581 1046 quod
1615 991 1743 1034 locus
1777 991 1851 1034 ille
1879 991 1998 1034 Thu-

438 1063 669 1116 cydideus‚
714 1063 800 1104 iam
845 1073 982 1116 supra
1025 1061 1233 1105 laudatus
1255 1059 1300 1114 l)‚
1345 1063 1612 1117 comprobat
1653 1062 1851 1105 tabulam
1890 1063 1996 1105 belli

436 1133 494 1175 ab
553 1132 774 1187 Eumolpo
833 1144 933 1174 cum
994 1132 1241 1175 Erechtheo
1290 1133 1402 1188 gesti
1453 1133 1538 1175 iam
1588 1135 1688 1176 ante
1738 1133 1996 1188 Euripidem

438 1206 586 1246 notam
620 1203 774 1246 fuisse.

497 1275 554 1318 Ut
587 1275 745 1330 paucis
779 1275 889 1317 haec
924 1274 1330 1328 comprehendam:

494 1345 606 1387 Ante
656 1345 914 1400 Euripidem
964 1345 1169 1387 exstabat
1211 1345 1364 1387 fabula
1407 1345 1738 1388 Eleusiniorum
1774 1346 1997 1401 Eumolpo

437 1418 551 1460 duce
586 1419 739 1459 contra
773 1416 1068 1458 Erechtheum
1103 1416 1379 1459 bellantium.
1413 1416 1480 1459 Ab
1515 1417 1741 1471 Euripide,
1786 1417 1999 1459 dramatis

437 1489 733 1531 oeconomiae
753 1488 1030 1538 consulente,
1051 1487 1267 1530 Eleusinii
1287 1488 1498 1530 summoti
1523 1490 1626 1530 sunt
1653 1491 1786 1543 atque
1816 1488 1998 1530 Eumol-

438 1571 523 1615 pus
570 1571 709 1615 purus
758 1562 893 1614 putus
940 1559 1091 1602 Thrax
1138 1559 1283 1602 factus
1332 1562 1411 1602 est.
1456 1559 1600 1611 Quem
1637 1559 1995 1615 Atthidographi,

437 1631 712 1674 Eleusinium
758 1631 1036 1673 sacerdotem
1083 1633 1124 1673 et
1165 1630 1401 1673 barbarum
1447 1633 1741 1686 pugnatorem
1786 1643 1922 1673 unum
1957 1632 1999 1673 et

436 1703 627 1745 eundem
672 1702 899 1744 hominem
942 1702 1082 1744 fuisse
1126 1704 1357 1757 negantes,
1391 1702 1522 1745 avide
1555 1702 1695 1745 secuti
1725 1706 1829 1744 sunt
1861 1701 1998 1744 duos-

436 1786 523 1828 que
566 1773 706 1816 fuisse
740 1772 989 1827 Eumolpos
1022 1774 1281 1815 statuerunt.
1316 1772 1400 1814 Alii
1423 1770 1457 1826 2)
1492 1773 1673 1815 diverso
1707 1773 1844 1815 modo
1879 1773 1996 1815 idem

436 1845 619 1899 assequi
663 1845 810 1886 conati
856 1844 1124 1898 Eumolpum
1164 1843 1404 1886 Thracium
1440 1844 1732 1886 aboleverunt
1765 1845 1806 1886 et
1839 1843 1997 1885 Imma-

436 1916 590 1958 radum
625 1915 865 1958 Thracium
902 1916 944 1957 in
980 1916 1077 1958 eius
1113 1915 1261 1957 locum
1296 1915 1622 1958 substituerunt
1650 1917 1784 1969 atque
1813 1916 1856 1957 in
1877 1914 1996 1957 bello

436 1987 666 2030 Eleusinio
700 1986 944 2029 Eleusiniis
978 1987 1153 2029 socium
1189 1987 1409 2029 dederunt
1433 1984 1488 2040 ³).

480 2132 509 2172 l)
532 2132 642 2164 Thuc.
667 2132 690 2163 ll
718 2132 769 2171 15;
794 2132 861 2164 vid.
886 2140 917 2172 p.
945 2132 991 2164 18.

475 2185 510 2225 2)
533 2185 620 2217 Sunt
644 2186 676 2221 ii,
701 2193 793 2225 quos
816 2185 1014 2218 Pausanias
1037 2188 1138 2218 vocat
1161 2185 1395 2229 Ἀθηναίων,
1424 2186 1505 2219 ὅσοι
1533 2185 1575 2218 τὰ
1601 2186 1746 2231 ἀρχαῖα
1774 2184 1913 2218 ἴσασιν.

475 2237 510 2276 3)
534 2238 713 2274 Ismarum,
747 2238 920 2269 Thracem
955 2237 1226 2275 Boeoticum,
1259 2237 1404 2270 Thebas
1428 2245 1570 2277 quoque
1593 2237 1685 2269 viam
1709 2237 1847 2274 fecisse,
1872 2238 1996 2269 mirum

434 2299 504 2323 non
535 2292 596 2322 est.
620 2290 751 2322 Locum
776 2291 822 2322 ibi
847 2291 998 2323 obtinuit
1021 2291 1054 2322 in
1080 2291 1243 2328 ducibus,
1267 2291 1325 2330 qui
1350 2290 1552 2322 Thebarum
1576 2292 1695 2330 portas
1718 2291 1839 2322 contra
1863 2292 1996 2330 septem

432 2345 512 2376 illos
547 2344 737 2376 defendunt
773 2343 951 2383 (Apollod.
976 2344 1012 2375 lll
1038 2344 1066 2382 6,
1090 2345 1134 2383 8).
1168 2344 1299 2376 Astaco
1334 2346 1435 2376 natus
1459 2352 1538 2376 esse
1563 2346 1593 2376 et
1618 2344 1937 2384 Hippomedontem
1962 2344 1996 2375 in

433 2398 527 2430 bello
551 2397 767 2429 interfecisse
792 2397 928 2429 dicitur.

475 2450 642 2482 Ismarum
667 2450 827 2490 primitus
850 2450 931 2482 hinc
954 2451 1107 2483 alienum
1134 2459 1214 2483 esse
1239 2452 1270 2483 et
1294 2452 1417 2490 postea
1442 2451 1584 2482 demum
1605 2459 1646 2482 ex
1660 2451 1874 2490 mythologia
1887 2450 1997 2482 Attica

433 2504 499 2534 huc
534 2504 736 2536 translatum
771 2505 802 2535 et
835 2503 868 2535 in
905 2503 1035 2536 ducum
1076 2504 1329 2536 Thebanorum
1372 2504 1499 2535 seriem
1543 2505 1718 2543 receptum
1756 2511 1853 2541 esse,
1894 2504 1997 2536 docet

433 2555 636 2596 Aeschylus,
669 2556 726 2595 qui
760 2564 828 2588 non
861 2556 1028 2588 Ismarum
1054 2557 1115 2589 sed
1142 2556 1366 2596 Hyperbium,
1391 2555 1551 2595 Oenopis
1574 2555 1695 2592 filium,
1721 2556 1996 2596 Hippomedonti

432 2610 580 2648 opponit
613 2609 721 2648 (Sept.
755 2609 832 2641 adv.
866 2610 931 2641 Th.
964 2609 1050 2650 504).
1085 2610 1119 2647 li,
1162 2610 1221 2649 qui
1253 2610 1385 2641 Ismaro
1411 2609 1531 2641 locum
1557 2609 1644 2640 inter
1669 2609 1779 2642 duces
1802 2609 1996 2642 Thebanos

432 2662 581 2694 tribuere
615 2662 811 2702 cupiebant,
845 2663 1060 2702 Hyperbium
1093 2671 1110 2694 e
1141 2663 1302 2702 catalogo
1326 2662 1522 2702 Aeschyleo
1545 2663 1752 2702 expulerunt
1774 2664 1806 2694 et
1829 2663 1995 2695 Ismarum

433 2716 694 2748 substituerunt.
730 2715 817 2747 Huic
853 2723 946 2748 novo
981 2716 1123 2755 hospiti,
1159 2724 1176 2748 e
1211 2716 1329 2756 mytho
1363 2715 1475 2748 Attico
1511 2716 1690 2753 arcessito,
1722 2716 1893 2756 originem
1917 2724 1996 2749 vere

437 2819 492 2861 28
