2174 3374
479 529 696 582 sculptae,
741 540 873 582 quam
919 528 1165 571 Pausanias
1209 529 1277 571 his
1311 529 1461 572 verbis
1495 529 1738 572 describit:
1776 531 1961 583 „64⁶er
1994 530 2036 569 ὁὲ

478 601 559 652 (SC.
602 599 730 651 ἐστὶν)
778 603 887 653 ἔχων
933 601 1072 654 λύραν
1117 605 1188 639 καὶ
1235 599 1335 653 παρ’
1386 603 1513 640 αὐτὸν
1561 599 1753 655 Ἀριάδνη
1800 603 2038 654 καιέχουσά

478 675 561 711 ἐστι
590 670 842 723 στέφανον.”
871 669 1049 712 Praeter
1067 670 1181 712 hanc
1200 669 1398 712 fabulam
1418 668 1655 722 Creticam,
1675 682 1790 724 quae
1810 671 2037 724 antiquam

477 740 698 783 Ariadnae
741 741 852 783 deae
896 753 995 783 cum
1039 740 1244 795 Dionyso
1280 741 1539 784 relationem
1574 741 1754 790 indicat,
1790 741 1844 784 ab
1879 741 2037 784 eodem

479 809 820 866 Eratosthene1)
840 809 1145 866 (Germanico,
1167 811 1357 866 Hygino,
1375 811 1508 854 Arato
1527 811 1834 855 Eratosthenis
1851 812 2041 867 vestigia

479 883 751 938 legentibus)
786 884 1162 925 commemoratur
1188 883 1336 925 versio
1368 883 1546 926 diversa
1575 885 1616 926 et
1643 910 1698 914 ψ
1728 883 2035 925 utvidetur—

480 955 721 1005 recentior,
777 954 974 996 referens
1023 953 1260 995 Ariadnam
1312 965 1522 996 coronam
1574 954 1615 995 in
1666 953 1812 996 insula
1855 952 1940 996 Dia
1982 953 2039 996 ab

478 1025 726 1080 Aphrodita
755 1027 796 1067 et
823 1024 957 1067 Horis
990 1026 1238 1079 accepisse,
1273 1028 1318 1067 ut
1352 1026 1448 1067 eius
1483 1026 1663 1079 nuptias
1697 1037 1796 1067 cum
1834 1023 2039 1079 Dionyso

479 1096 778 1146 celebrarent;
824 1095 1075 1149 Dionysum
1121 1097 1266 1138 autem
1303 1107 1515 1138 coronam
1550 1096 1712 1138 deinde
1747 1096 1860 1138 inter
1893 1095 2041 1138 sidera

479 1166 743 1209 collocasse.
791 1165 910 1208 Haec
958 1165 1110 1208 fabula
1157 1166 1347 1208 fortasse
1384 1168 1478 1208 orta
1512 1168 1578 1209 est
1612 1178 1665 1209 eo
1699 1169 1915 1220 tempore,
1949 1178 2039 1220 quo

478 1237 596 1279 fama
644 1237 808 1279 Thesei
858 1236 1096 1279 Ariadnam
1148 1248 1170 1278 e
1222 1235 1353 1280 Creta
1402 1237 1549 1279 insula
1597 1237 1865 1280 abducentis
1913 1238 1955 1280 et
1997 1237 2040 1279 in

480 1308 627 1350 insula
679 1307 806 1349 Naxo
853 1307 1148 1361 relinquentis
1192 1307 1521 1363 divulgabatur.
1580 1307 1706 1350 Tunc
1757 1308 2044 1363 excogitave-

480 1381 578 1421 runt
626 1377 892 1432 Dionysum,
943 1379 1113 1432 quippe
1163 1379 1237 1432 qui
1284 1379 1369 1420 iam
1414 1379 1660 1432 antiquitus
1704 1390 1803 1421 cum
1848 1377 2042 1420 Ariadna

480 1450 656 1492 iunctus
699 1448 871 1499 fuisset,
916 1460 1011 1491 eam
1057 1461 1081 1491 a
1125 1449 1306 1492 Theseo
1352 1449 1572 1492 desertam
1619 1448 1900 1491 consolatum
1940 1459 2040 1491 esse

479 1522 520 1563 et
553 1531 780 1570 coronam,
816 1520 853 1561 ei
889 1519 946 1561 ab
980 1518 1229 1574 Aphrodita
1263 1520 1474 1571 oblatam,
1513 1522 1740 1574 tamquam
1775 1531 2041 1562 monumen-

479 1594 569 1634 tum
604 1592 770 1633 amoris
804 1591 934 1633 astris
969 1591 1173 1633 intulisse
1195 1589 1239 1646 2).

540 1660 628 1704 Sed
672 1663 754 1703 hae
799 1673 869 1704 res
911 1664 997 1703 tam
1042 1663 1154 1704 vasti
1190 1663 1436 1717 argumenti
1472 1665 1574 1705 sunt
1608 1664 1648 1704 et
1682 1664 1826 1704 tantas
1861 1663 2042 1704 movent

479 1745 645 1787 easque
680 1733 968 1775 difficillimas
1003 1734 1308 1786 quaestiones,
1344 1736 1390 1775 ut
1423 1733 1561 1775 verbo
1595 1744 1672 1775 eas
1702 1733 1902 1788 attigisse
1923 1744 2040 1775 nunc

479 1804 684 1854 sufficiat,
735 1804 995 1858 praesertim
1046 1816 1145 1846 cum
1195 1805 1319 1855 ratio,
1375 1816 1489 1858 quae
1539 1805 1651 1847 inter
1698 1803 1950 1858 Dionysum
2000 1806 2043 1846 et

478 1874 718 1917 Ariadnam
755 1876 1000 1926 intercedit,
1036 1887 1060 1917 a
1093 1878 1246 1918 nostro
1281 1876 1516 1930 proposito
1554 1875 1701 1918 aliena
1734 1875 1803 1917 sit.
2016 1888 2019 1890 ·

538 1945 603 1988 Ne
647 1946 779 2000 igitur
821 1946 937 1988 iusto
982 1946 1161 2001 longius
1205 1947 1430 2001 digrediar
1472 1970 1526 1975 —
1570 1945 1875 2001 Epimenides,
1914 1946 2042 1988 cuius

480 2017 745 2059 sententiam
796 2016 1116 2059 Eratosthenes
1160 2020 1202 2059 et
1251 2018 1327 2071 qui
1378 2029 1477 2059 cum
1527 2018 1861 2071 exscripserunt
1909 2016 2042 2059 nobis

479 2087 768 2138 tradiderunt,
819 2091 1070 2130 narraverat
1113 2087 1339 2130 Theseum
1384 2088 1440 2130 ab
1483 2087 1678 2130 Ariadna
1721 2099 1743 2130 e
1788 2087 2041 2141 labyrintho

479 2160 702 2201 servatum
748 2169 847 2201 esse
888 2170 1056 2201 corona
1101 2159 1190 2209 illa,
1236 2171 1369 2213 quam
1414 2159 1519 2201 olim
1564 2159 1607 2200 in
1653 2156 1783 2201 Creta
1827 2157 1974 2200 insula
2017 2169 2043 2200 a

480 2227 684 2283 Dionyso
729 2232 975 2283 acceperat.
1020 2229 1230 2272 Eiusdem
1274 2230 1453 2272 fabulae
1496 2230 1735 2284 vestigium
1780 2230 1822 2270 in
1858 2226 2040 2283 Cypseli

480 2311 582 2343 arca
615 2301 869 2343 invenimus
904 2299 1127 2343 Pausania
1160 2303 1354 2343 auctore.
1411 2301 1596 2343 Hancne
1628 2300 1880 2342 versionem
1916 2299 2042 2341 Euri-

481 2371 611 2425 pides
655 2371 698 2413 in
741 2371 1017 2426 tragoediam
1064 2372 1250 2423 induxit,
1295 2384 1349 2414 an
1390 2372 1521 2414 aliam
1557 2371 1692 2421 illam,
1727 2382 1815 2425 qua
1847 2369 2042 2412 Ariadna

479 2442 586 2483 filo
630 2442 856 2484 Theseum
902 2454 1107 2485 servasse
1152 2443 1348 2485 dicitur?
1392 2443 1487 2485 Hoc
1522 2442 1800 2484 crediderim.
1836 2439 2042 2484 Coronae

480 2513 597 2554 enim
624 2513 777 2555 fabula
806 2513 1102 2568 proficiscitur
1126 2525 1150 2555 a
1169 2514 1441 2569 cogitatione
1461 2513 1760 2568 labyrinthum
1781 2512 2041 2555 intenebris

524 2635 534 2665 1
657 2660 662 2666 .
688 2635 706 2666 1.
745 2660 750 2665 .
800 2661 805 2667 .
873 2660 879 2666 .

521 2634 554 2726 2}
577 2634 658 2719 *31³3
689 2635 796 2720 Loluig
826 2635 961 2721 ggcnan
993 2688 1085 2728 apud
1110 2688 1333 2728 Daremberg,
1358 2687 1532 2721 Dictionn.
1557 2689 1588 2720 d.
1612 2687 1750 2727 Antiqu.
1775 2695 1801 2720 s.
1825 2696 1856 2719 v.
1878 2687 2041 2720 Theseus

481 2747 512 2779 p.
536 2739 606 2772 230.

481 2843 538 2887 86
