2174 3374
456 505 610 547 oribus
639 505 912 559 argumentis
940 505 1024 547 hoc
1055 504 1290 558 probatum
1320 505 1468 556 velim,
1498 506 1757 560 praesertim
1778 517 1877 547 cum
1899 505 2019 547 nulla

456 577 670 629 appareat
704 586 854 625 causa,
888 586 1003 629 quae
1033 577 1210 634 poetam
1242 576 1512 629 permoverit
1539 576 1594 618 ad
1628 576 1902 631 tragoediam
1933 576 2018 618 hoc

457 646 592 687 modo
626 645 877 700 augendam
912 645 981 687 vel
1018 645 1169 699 potius
1203 646 1319 688 iusto
1354 645 1534 701 longius
1570 646 1920 700 producendam.

516 715 629 757 Tota
662 716 779 757 enirn
816 715 890 757 illa
922 716 1034 758 fides
1069 727 1093 757 a
1124 715 1279 758 Minoe
1315 717 1505 770 primum
1541 717 1656 767 data,
1691 717 1854 759 deinde
1883 716 2020 758 tracta

459 786 566 828 nihil
617 787 671 828 ad
721 798 869 829 veram
917 786 1096 829 fabulae
1146 789 1345 829 naturam
1395 787 1588 838 coniert;
1638 789 1788 830 omnia
1837 798 2020 842 prorsus

456 849 615 900 eodem
647 858 783 900 modo
811 857 1051 900 decurrunt
1080 869 1130 899 ac
1161 858 1197 899 si
1224 869 1311 899 non
1344 859 1615 912 promissum
1639 858 1772 909 toret;
1794 859 2019 913 promisso

457 939 546 970 non
581 928 730 970 soluto
764 927 970 970 Theseus
1004 929 1298 971 nihilominus
1332 929 1484 971 salvus
1517 928 1714 971 Athenas
1748 929 1872 971 redit.
1907 927 2020 970 Dra-

458 999 587 1041 matis
616 999 747 1054 igitur
775 1000 1048 1053 compositio
1082 1000 1166 1041 hoc
1195 1000 1502 1042 additamento
1522 1000 1655 1054 plane
1676 1000 1817 1042 inutili
1839 1000 2020 1042 minime

456 1072 649 1120 ornatur,
698 1070 777 1112 sed
822 1070 1132 1112 tantummodo
1174 1071 1351 1126 longior
1393 1071 1740 1126 languidiorque
1768 1071 1826 1113 tit.
1862 1070 2019 1125 Neque

457 1141 641 1183 multum
672 1141 956 1183 tribuendum
986 1152 1152 1184 censeo
1183 1142 1354 1196 speculi
1388 1142 1508 1184 illius
1528 1142 1738 1197 imaginis
1757 1142 2019 1192 auctoritati,

458 1212 586 1254 cuius
615 1211 769 1254 artifex
798 1212 1009 1254 historiae
1037 1212 1253 1254 tabularis
1283 1213 1396 1255 adeo
1418 1214 1598 1268 ignarus
1616 1213 1711 1263 fuit,
1730 1215 1776 1255 ut
1793 1212 2019 1255 Theseum

458 1283 500 1324 in
551 1282 783 1324 Heraclem
834 1285 1002 1325 mutare
1051 1294 1245 1337 eumque
1295 1295 1394 1326 cum
1444 1282 1638 1326 Ariadna
1682 1287 1724 1326 et
1765 1283 2020 1325 Minotauro

458 1365 731 1407 componere
751 1365 840 1396 non
859 1354 1026 1396 veritus
1044 1355 1112 1397 sit.
1143 1353 1309 1405 Quidni
1330 1354 1634 1397 Minotaurum
1655 1366 1838 1409 quoque
1857 1356 2021 1397 temere

458 1425 634 1467 adicere
674 1425 860 1479 potuit?
907 1424 1041 1476 Quod
1075 1425 1167 1468 fieri
1205 1426 1409 1479 potuisse
1443 1426 1625 1468 minime
1660 1425 1842 1480 negabit
1875 1424 2022 1476 Korte,

458 1496 532 1550 qui
569 1496 666 1550 ipse
701 1496 837 1538 dixit:
875 1495 987 1547 „Die
1021 1496 1332 1539 etruskischen
1368 1496 1578 1539 Kijnstler
1606 1496 1780 1551 pilegen
1801 1496 2020 1538 mitihren

457 1567 770 1622 griechischen
806 1567 1025 1622 Vorlagen
1061 1567 1267 1610 ziemlich
1295 1567 1372 1610 frei
1404 1581 1456 1610 zu
1488 1567 1713 1618 schalten;
1744 1567 1808 1609 sie
1828 1567 2020 1609 nehmen

457 1648 538 1680 aus
583 1638 732 1688 ihnen,
772 1649 866 1680 was
908 1637 977 1679 fiir
1014 1638 1100 1680 den
1144 1638 1569 1693 augenblicklichen
1614 1637 1778 1680 Zweck
1822 1638 2020 1692 passend

457 1708 645 1750 scheint.
690 1707 829 1750 Paulo
875 1711 978 1762 post
1022 1709 1347 1751 observatt...
1384 1722 1460 1751 zur
1502 1708 1772 1764 Ausfiillung
1811 1708 2022 1763 etwaiger

458 1778 635 1820 Liicken
679 1779 859 1821 werden
905 1778 1130 1834 beliebige
1177 1779 1462 1835 Fiilltiguren‚
1507 1779 1570 1822 oft
1617 1780 1734 1821 ohne
1779 1778 2022 1824 Riicksicht

457 1849 627 1900 darauf,
677 1850 735 1892 ob
785 1850 849 1892 sie
900 1850 1131 1892 inhaltlich
1184 1851 1225 1892 in
1276 1851 1349 1893 die
1399 1851 1674 1893 betreifende
1734 1849 2022 1904 Darstellung

458 1920 795 1975 hineinpassen‚
840 1920 1159 1977 hinzugeliigt''
1204 1920 1266 1976 (p.
1306 1919 1421 1970 168).
1471 1922 1637 1964 Vereor
1685 1922 1830 1976 igitur,
1879 1923 1924 1963 ut
1967 1932 2020 1962 eo

457 2003 547 2046 quo
582 1991 714 2035 Korte
747 1992 853 2035 fecit
881 1993 1016 2035 modo
1052 2005 1104 2035 ex
1139 1993 1314 2036 duabus
1335 1993 1404 2037 his
1434 1994 1620 2048 picturis
1649 1993 1861 2035 dramatis
1881 1992 2019 2034 nostri

457 2066 765 2119 argumentum
801 2064 1013 2119 supplere
1046 2064 1190 2107 liceat.

516 2205 813 2260 Inspiciamus
847 2205 1043 2260 denique
1073 2206 1172 2260 ipsa
1201 2206 1414 2248 dramatis
1440 2205 1688 2261 fragmenta
1716 2206 1873 2257 lacera,
1904 2218 2019 2260 quae

457 2278 645 2318 aetatem
680 2276 886 2318 tulerunt.

515 2346 581 2389 Ab
615 2345 846 2389 Athenaeo
880 2345 937 2401 (X
966 2359 1007 2402 p.
1036 2347 1124 2389 454
1142 2345 1196 2402 Β)
1225 2348 1363 2390 verba
1393 2349 1615 2403 quaedam
1646 2360 1667 2390 e
1698 2351 1849 2391 nostra
1866 2348 2019 2391 fabula

459 2417 591 2460 allata
639 2420 763 2469 sunt,
813 2430 930 2472 quae
979 2418 1156 2461 locutus
1205 2430 1305 2461 esse
1354 2419 1516 2461 dicitur
1560 2422 1690 2474 βοτὴρ
1744 2423 2019 2474 ἁγράλιιμαιος

458 2489 600 2542 δηλῶν
632 2492 819 2542 τοῦνομα
852 2495 922 2530 τοῦ
957 2490 1122 2543 Θησέως
1156 2493 1521 2545 ἐπιγεγραμμένον
1555 2494 1694 2539 οὕῑως·

753 2634 831 2683 ἐγὼ
863 2634 1032 2684 πέφυκα
1065 2634 1324 2684 γρα,ιιμάτο)ν
1355 2636 1434 2683 μὲν
1467 2635 1543 2672 οὐκ
1575 2632 1692 2685 ἴδρις,

752 2705 921 2755 μορφὰς
955 2702 998 2741 δὲ
1030 2703 1138 2751 λέξω
1170 2707 1241 2741 καὶ
1275 2707 1392 2754 σαφῆ
1423 2705 1637 2756 τεκμήρια.
