2174 3374
447 518 646 561 omnium
705 520 933 560 auctorum
993 518 1208 560 seriorum
1258 517 1365 567 (uno
1415 517 1747 572 Mythographo
1802 515 2010 572 excepto)

447 599 699 631 consensus
745 588 1121 630 verisimillimum
1171 588 1315 630 reddit
1363 588 1638 643 Euripidem,
1670 599 1694 630 a
1727 600 1818 642 quo
1847 588 2012 630 multos

448 671 599 701 eorum
645 660 870 702 materiam
914 659 1079 702 Thesei
1115 660 1251 714 mythi
1289 661 1515 701 mutuatos
1550 670 1650 701 esse
1683 659 1895 709 vidimus,
1929 659 2011 700 hac

448 741 631 784 quoque
662 731 705 772 in
734 742 777 772 re
798 731 852 773 iis
872 730 1127 785 exemplum
1147 730 1300 773 fuisse.
1320 730 1478 784 Neque
1499 730 1541 772 in
1561 729 1737 772 scholio
1757 729 2012 780 Homerico,

449 801 571 855 quod
606 801 698 843 iure
731 800 865 856 Aegei
902 801 1169 855 Euripideae
1204 801 1471 856 hypothesis
1502 802 1711 843 vocatum
1746 802 1826 851 est,
1866 812 2012 854 neque

448 872 568 926 apud
602 871 886 914 Plutarchum
921 873 1055 914 huius
1099 872 1287 914 Medeae
1322 872 1414 914 doli
1450 872 1587 914 ullum
1624 871 1729 913 latet
1759 871 2012 926 vestigium.

507 943 693 984 Minime
743 943 876 997 igitur
922 943 1147 998 Wagnero
1197 945 1239 985 et
1284 943 1495 985 Michaeli
1556 942 1898 984 concedendum
1947 943 2015 984 est

449 1014 708 1069 Euripidem
752 1015 870 1056 hunc
909 1014 1074 1057 Thesei
1110 1014 1308 1056 laborem
1343 1014 1532 1056 Medeae
1567 1013 1685 1056 dolis
1719 1013 2013 1068 implicuisse,

449 1085 585 1126 immo
619 1084 890 1127 credendum
937 1087 1114 1139 poetam
1161 1086 1215 1127 de
1260 1086 1479 1128 industria
1523 1096 1718 1140 pugnam
1754 1096 1854 1126 cum
1888 1086 2014 1126 tauro

449 1155 733 1197 Marathonio
772 1156 1061 1198 commissam
1097 1156 1366 1211 neglexisse.
1410 1156 1568 1210 Neque
1603 1167 1694 1210 quo
1729 1155 1935 1197 consulto
1970 1155 2013 1197 id

448 1226 614 1277 fecerit,
660 1227 901 1269 obscurum
947 1228 1025 1269 est.
1070 1226 1182 1268 Nam
1227 1229 1272 1269 ut
1315 1227 1516 1268 omittam
1560 1238 1781 1269 venenum
1831 1237 2016 1280 prorsus

450 1296 654 1340 sufficere
703 1298 758 1339 ad
808 1297 997 1340 Medeae
1047 1298 1278 1352 perfidiam
1328 1297 1722 1340 demonstrandam
1766 1299 1808 1339 et
1849 1296 2014 1339 Thesei

450 1368 785 1422 expeditionem
820 1368 1147 1411 Marathoniam
1184 1369 1332 1411 minus
1367 1371 1469 1423 apte
1507 1369 1549 1410 in
1585 1369 1737 1410 drama
1769 1368 1903 1410 inseri
1934 1379 2016 1422 po-

450 1439 618 1481 tuisse:
663 1439 705 1481 in
741 1439 898 1481 eadem
932 1439 1109 1494 trilogia
1143 1439 1287 1482 eidem
1323 1440 1445 1482 heroi
1482 1441 1705 1482 certamen
1739 1439 2014 1482 simillimum

451 1512 542 1553 erat
579 1509 864 1552 subeundum
899 1522 999 1552 cum
1035 1515 1159 1553 tauro
1194 1508 1385 1562 Cretico,
1421 1522 1521 1553 cum
1554 1511 1833 1562 Minotauro;
1869 1523 2016 1565 neque

451 1582 662 1623 miramur
708 1583 903 1635 poetam,
958 1582 1033 1636 qui
1084 1581 1181 1624 sine
1231 1582 1322 1624 ullo
1373 1582 1538 1624 damno
1588 1582 1769 1624 alteram
1820 1594 2014 1638 pugnam

451 1651 688 1707 neglegere
734 1653 919 1706 poterat,
964 1652 1154 1695 libenter
1197 1653 1310 1695 hanc
1345 1653 1633 1695 occasionem
1668 1654 1926 1708 arripuisse,
1962 1665 2016 1696 ne

452 1723 495 1764 in
545 1723 701 1765 eadem
751 1723 983 1778 tragoedia
1031 1723 1227 1778 (trilogia
1283 1724 1401 1765 enim
1452 1736 1539 1766 una
1586 1724 1817 1779 tragoedia
1864 1725 2015 1767 vocari

452 1791 620 1848 potest)
654 1793 725 1836 bis
759 1794 947 1836 eandem
982 1794 1071 1837 fere
1106 1806 1196 1837 rem
1232 1795 1563 1849 spectatoribus
1598 1798 1882 1850 proponeret.

513 1864 709 1907 Fabulae
742 1864 929 1907 formam
965 1865 1086 1920 apud
1121 1865 1500 1920 Mythographum
1536 1868 1577 1908 et
1611 1867 1654 1907 in
1684 1866 1891 1920 Epitoma
1909 1877 2015 1909 casu

453 1935 650 1989 quodam
686 1932 906 1978 servatam
941 1937 1239 1990 antiquiorem
1271 1948 1370 1979 esse
1399 1939 1441 1979 et
1459 1937 1515 1979 ab
1535 1936 1747 1991 Euripide
1768 1948 2018 1992 repressam

453 2007 559 2049 mihi
595 2030 650 2035 —-
683 2018 817 2062 spero
853 2009 893 2050 et
928 2007 1172 2050 lectoribus
1207 2007 1438 2051 nonnullis
1472 2031 1523 2036 —-
1561 2008 1780 2062 persuasi.

513 2148 570 2191 Ut
614 2160 728 2203 quae
774 2150 830 2192 de
874 2150 956 2192 hac
1001 2150 1144 2204 prima
1177 2150 1379 2206 trilogiae
1413 2150 1565 2193 fabula
1599 2150 1825 2205 disputavi
1861 2150 2018 2205 paucis

454 2220 835 2274 comprehendam
859 2234 867 2262 :

512 2291 676 2334 Medea
710 2292 764 2334 de
796 2292 962 2335 Thesei
998 2293 1192 2335 adventu
1226 2293 1389 2335 certior
1420 2292 1536 2335 facta
1569 2292 1659 2347 regi
1690 2291 1944 2346 persuadet,
1973 2293 2019 2334 ut

455 2363 676 2414 iuvenem,
725 2375 856 2417 quem
908 2375 1091 2419 regnum
1139 2363 1330 2406 Atticum
1381 2363 1587 2406 affectare
1635 2363 1709 2413 ait,
1758 2363 1812 2404 ad
1861 2374 2017 2405 cenam

454 2435 585 2475 vocet
633 2435 674 2476 et
715 2446 891 2476 veneno
936 2446 958 2477 e
1003 2435 1151 2478 medio
1195 2435 1332 2478 tollat.
1379 2435 1549 2490 Regina
1590 2434 1707 2476 enim
1752 2433 1919 2484 metuit,
1964 2445 2018 2475 ne

454 2503 586 2554 filius,
621 2516 754 2558 quem
789 2506 889 2560 ipsa
922 2518 976 2548 ex
1008 2505 1158 2562 Aegeo
1192 2506 1400 2558 habebat,
1435 2518 1460 2548 a
1492 2505 1672 2548 Theseo
1707 2503 1959 2558 repellatur.

515 2574 759 2630 Postquam
793 2575 971 2632 Aegeus
999 2577 1198 2632 gladium
1227 2580 1268 2620 et
1296 2577 1488 2628 calceos,
1518 2587 1633 2630 quae
1663 2579 2021 2629 άιναγνωρίσματα

456 2646 577 2700 apud
633 2645 839 2688 Aethram
899 2647 1130 2691 Troezene
1189 2648 1440 2702 reliquerat,
1500 2647 1685 2702 agnovit
1737 2646 2019 2700 insidiasque

456 2716 645 2758 Medeae
690 2717 868 2769 detexit,
899 2729 995 2760 eam
1032 2730 1131 2760 cum
1156 2719 1248 2761 filio
1293 2719 1390 2761 eius
1424 2718 1563 2773 pellit.
1599 2717 1711 2760 Filio
1747 2729 1846 2759 cum
1883 2718 2018 2759 matre

457 2839 514 2881 70
