2174 3374
596 494 802 548 „lamque
837 493 985 536 aderat
1020 494 1238 545 Theseus,
1274 494 1424 548 proles
1457 495 1610 549 ignara
1643 495 1829 548 parenti,

593 565 668 618 qui
703 565 860 606 virtute
894 575 976 606 sua
1010 564 1224 607 bimarem
1260 566 1498 619 pacaverat
1531 565 1753 607 Isthmon:

594 635 726 677 liuius
760 635 803 676 in
837 635 1019 676 exitium
1055 635 1212 677 miscet
1245 635 1419 686 Medea,
1455 635 1577 689 quod
1611 636 1717 677 olim

592 705 793 747 attulerat
826 716 979 747 secum
1015 703 1236 759 Scythicis
1270 706 1480 747 aconiton
1515 705 1570 747 ab
1605 705 1738 748 oris.'’

536 774 980 830 Sequuntunversus
1013 776 1216 817 nonnulli
1252 777 1306 818 de
1341 777 1533 826 aconito,
1569 778 1673 818 tunc
1709 779 1840 830 poeta
1869 777 2034 831 pergit:

474 847 561 889 419
1346 858 1425 897 „ea
1459 847 1666 901 coniugis
1700 849 1797 889 astu

594 919 691 972 ipse
721 929 884 972 parens
916 917 1093 973 Aegeus
1129 920 1231 959 nato
1267 919 1462 972 porrexit
1496 919 1542 959 ut
1575 918 1706 960 hosti.

593 987 854 1044 Sumpserat
888 990 1040 1044 ignara
1073 989 1282 1032 Theseus
1314 989 1416 1031 data
1450 989 1614 1043 pocula
1648 990 1814 1040 dextra,

595 1072 694 1102 cum
730 1062 853 1114 pater
887 1061 928 1102 in
963 1060 1127 1114 capulo
1161 1060 1298 1115 gladii
1334 1061 1548 1115 cognovit
1580 1060 1750 1102 eburno

595 1131 724 1185 signa
758 1131 825 1173 sui
861 1132 1039 1185 generis
1072 1131 1341 1185 facinusque
1377 1133 1576 1175 excussit
1609 1131 1664 1174 ab
1699 1129 1817 1173 ore.''

537 1200 623 1244 Sed
660 1202 744 1243 iam
770 1201 902 1244 satis!
939 1201 1243 1244 Transeamus
1273 1203 1327 1244 ad
1359 1204 1670 1256 quaestionem
1690 1202 1919 1256 aliquanto
1938 1213 2038 1256 gra-

476 1273 659 1314 viorem.

536 1343 763 1385 Hactenus
783 1344 824 1385 in
845 1343 1189 1398 investigatione
1209 1346 1359 1386 nostra
1378 1344 1667 1386 scholiastam
1693 1346 1734 1386 et
1751 1342 2036 1385 Plutarchum

476 1414 616 1457 duces
643 1415 783 1456 secuti
814 1425 984 1464 sumus,
1004 1415 1103 1468 ipsa
1122 1415 1334 1457 dramatis
1352 1414 1598 1469 fragmenta
1617 1415 1816 1456 nondum
1837 1413 2038 1468 inspexi-

478 1497 588 1527 mus.
633 1483 949 1539 Spectaculum
993 1486 1115 1528 triste
1160 1497 1306 1539 neque
1341 1485 1486 1527 bonae
1520 1485 1641 1539 spei!
1676 1484 1729 1526 At
1762 1485 1846 1526 hoc
1881 1484 2036 1526 saltem

477 1557 799 1612 cognoscimus
833 1568 854 1598 e
888 1556 938 1598 fr.
972 1557 998 1599 5
1024 1556 1089 1608 ¹):
1961 1569 1964 1571 “

743 1631 779 1667 εἰ
809 1632 869 1680 μὴ
900 1630 1096 1677 καθέξεις
1128 1629 1342 1679 γλῶσσαν,
1377 1630 1492 1667 ἔσται
1526 1643 1593 1667 σοι]
1625 1630 1748 1667 κακά.

475 1699 807 1742 altercationem
830 1699 1055 1753 quandam
1075 1698 1228 1740 fuisse.
1249 1696 1613 1741 Concertantium
1633 1698 1813 1739 alteram
1829 1697 2037 1738 Medeam

476 1770 617 1812 fuisse
647 1770 689 1811 in
720 1771 929 1823 promptu
960 1771 1039 1820 est,
1069 1769 1148 1811 sed
1178 1769 1232 1810 de
1263 1769 1359 1811 eius
1388 1768 1645 1811 adversario
1665 1767 1856 1810 dubitari
1878 1769 2036 1822 potest.

536 1841 703 1894 Mayer,
739 1841 815 1894 qui
849 1840 899 1883 tr.
934 1839 990 1882 26
1024 1839 1185 1894 Hygini
1222 1840 1528 1889 hucrevocat,
1557 1838 1730 1881 Dianae
1760 1838 2037 1881 sacerdotem

477 1911 665 1953 Medeae
699 1911 999 1953 adversariam
1035 1911 1218 1953 inducit.
1253 1910 1462 1965 Legimus
1491 1911 1607 1952 enim
1638 1910 1759 1964 apud
1789 1910 2038 1965 Hyginum:

481 1981 669 2033 „Postea
702 1982 916 2024 sacerdos
960 1981 1131 2023 Dianae
1174 1981 1382 2037 Medeam
1417 1981 1639 2036 exagitare
1673 1982 1822 2035 coepit
1855 1981 2039 2035 regique

479 2052 671 2108 negabat
714 2064 841 2095 sacra
884 2053 1029 2095 facere
1074 2064 1210 2107 posse
1255 2064 1307 2095 eo
1353 2052 1477 2107 quod
1522 2052 1564 2093 in
1609 2063 1661 2094 ea
1704 2052 1882 2094 civitate
1921 2053 2041 2093 esset

479 2124 638 2165 mulier
670 2124 870 2166 venetica
905 2126 947 2166 et
965 2123 1193 2166 scelerata.
1228 2123 1355 2165 Tunc
1377 2124 1531 2165 iterum
1552 2122 1795 2165 exulatur.'’
1816 2122 2039 2177 Hyginum

479 2195 588 2236 haec
607 2195 878 2238 scribentem
899 2195 1147 2237 auctoritati
1174 2194 1442 2249 Euripideae
1463 2194 1709 2236 obnoxium
1728 2193 1869 2236 fuisse
1888 2193 2040 2247 Mayer

480 2266 586 2307 mihi
622 2277 709 2307 non
746 2266 966 2320 probavit.

538 2336 695 2390 Neque
740 2337 857 2379 enim
901 2337 1022 2391 apud
1066 2337 1370 2388 sctroHastam,
1406 2347 1551 2390 neque
1585 2335 1706 2390 apud
1741 2334 2039 2385 Plutarchum,

480 2418 596 2462 quos
642 2407 900 2462 Euripidem
946 2409 1128 2450 secutos
1171 2418 1271 2450 esse
1315 2418 1451 2461 supra
1493 2407 1704 2457 vidimus,
1749 2405 1920 2448 Dianae
1966 2405 2040 2447 illa

524 2601 553 2640 1)
581 2601 632 2632 De
662 2601 786 2632 ceteris
814 2600 1017 2640 fragmentis
1048 2609 1118 2632 non
1149 2600 1262 2632 habeo
1292 2600 1388 2640 quod
1419 2599 1614 2632 observem.
1644 2598 1755 2631 Modo
1777 2599 1815 2630 fr.
1837 2598 1874 2629 3:
1900 2597 2041 2632 δειλῶν

480 2658 656 2698 γυναῖκες
680 2653 870 2686 δεσποτῶν
896 2652 1159 2698 &Quo-domium
1187 2660 1256 2684 non
1286 2653 1437 2689 Theseo,
1473 2652 1535 2684 sed
1565 2652 1673 2683 choro
1704 2650 1887 2683 attribuere
1911 2650 2039 2686 malim,

479 2712 521 2736 ne
545 2705 708 2736 Theseus
732 2705 848 2737 minus
872 2704 928 2743 pie
951 2705 994 2737 de
1019 2705 1113 2744 patre
1138 2704 1233 2743 loqui
1259 2704 1425 2736 videatur.

480 2810 537 2852 58
