2174 3374
506 507 658 550 Minos
700 519 722 549 e
764 509 950 562 tyranno
984 507 1121 550 feroci
1156 509 1199 550 et
1230 506 1398 549 crudeli
1433 519 1508 550 rex
1540 507 1707 550 nobilis
1740 509 1782 550 et
1813 519 1998 563 magna-

447 578 593 620 nimus
624 577 767 620 factus
801 581 880 629 est,
916 579 991 632 qui
1022 579 1064 620 in
1095 578 1213 620 ludis
1242 579 1285 619 in
1313 577 1537 633 Androgei
1557 579 1815 621 memoriam
1834 578 1999 621 habitis

445 659 610 702 pueros
641 648 939 691 Athenienses
972 649 1127 691 victori
1162 649 1361 703 praemio
1382 649 1557 691 dandos
1589 648 1768 692 Theseo
1787 649 1999 691 adversa-

445 719 554 760 rium
584 718 837 762 devincenti
862 720 1050 763 restituit
1069 721 1111 762 et
1127 719 1466 762 Atheniensium
1486 719 1640 762 urbem
1659 720 1823 763 tributo
1843 719 2000 762 liberat

445 788 576 843 (Phil.
611 789 660 832 ir.
694 791 751 833 38
785 793 827 833 et
858 788 949 845 39).

502 859 722 903 Ariadnae
767 873 857 903 non
902 862 986 904 iam
1028 873 1145 916 opus
1179 863 1245 904 est
1275 861 1351 903 iilo
1385 861 1543 904 aliisve
1578 861 1710 913 dolis,
1745 862 1845 916 ipsa
1877 862 2004 904 adest

444 931 486 972 in
521 933 760 974 certamine
793 929 936 986 (ἔθους
968 937 1084 981 ὄντος
1116 936 1161 973 ἐν
1193 934 1336 987 Κρήτῃ
1362 935 1558 973 θεᾶσθαι
1584 939 1655 973 καὶ
1682 937 1753 981 τὰς
1769 929 1999 987 γυναῖκας),

443 1004 689 1056 conspectu
733 1002 896 1045 Thesei
936 1003 1234 1058 obstupescit,
1267 1003 1471 1045 virtutem
1506 1003 1713 1058 generosi
1748 1003 1923 1045 iuvenis
1956 1003 2000 1044 in

442 1073 654 1115 certando
683 1085 840 1116 omnes
868 1075 1123 1128 superantis
1141 1074 1405 1124 admiratur;
1430 1074 1593 1116 deinde
1613 1073 1828 1125 Minoem,
1846 1084 2000 1115 senem

444 1143 621 1194 iustum,
649 1143 827 1186 Theseo
857 1156 946 1186 non
975 1145 1121 1186 solum
1151 1156 1317 1198 pueros
1336 1144 1597 1196 restituisse,
1617 1144 1696 1186 sed
1717 1145 1846 1186 etiam
1867 1143 2000 1186 liliam

443 1225 569 1256 suam
605 1226 788 1257 uxorem
823 1215 1005 1257 dedisse
1040 1217 1202 1270 sponte
1234 1215 1401 1270 tingere
1435 1215 1568 1258 nobis
1596 1226 1841 1269 possumus
1868 1212 2001 1269 (Phil.

442 1285 491 1327 fr.
525 1283 616 1339 40).

502 1354 709 1410 Denique
744 1355 888 1399 Demo
922 1354 991 1411 (ir.
1025 1354 1072 1411 3)
1106 1358 1360 1399 narraverat
1391 1355 1601 1408 Taurum,
1630 1356 1798 1399 Minois
1826 1356 2000 1408 ducem,

444 1440 532 1469 non
581 1428 624 1469 in
674 1428 914 1470 certamine
963 1428 1188 1483 gymnico,
1238 1427 1319 1470 sed
1368 1427 1541 1482 proelio
1592 1427 1738 1469 navali
1783 1427 1826 1469 in
1872 1429 2001 1482 portu

444 1497 621 1542 Cretico
656 1500 900 1542 commisso
935 1511 960 1542 a
993 1499 1171 1542 Theseo
1205 1499 1371 1541 victum
1405 1501 1447 1541 et
1478 1499 1755 1542 interfectum
1790 1509 1903 1542 esse.

501 1570 682 1612 Nullum
725 1573 867 1613 exstat
910 1570 1181 1613 luculentius
1225 1569 1494 1624 exemplum,
1539 1582 1629 1624 quo
1663 1570 1906 1612 ieiunitatis
1940 1568 2001 1610 illi

444 1642 651 1684 homines
685 1642 780 1684 aevi
817 1642 887 1684 sui
923 1643 1108 1697 argutiis
1137 1642 1293 1684 imbuti
1324 1642 1642 1696 processerint,
1671 1641 1823 1684 nobile
1843 1652 2003 1683 monu-

443 1715 638 1755 mentum
688 1713 927 1767 phantasia
975 1714 1154 1767 poetica
1202 1714 1487 1764 exstructum,
1539 1715 1724 1765 „tenues
1772 1711 2002 1767 grandia'’,

444 1783 752 1836 demolientes,
781 1783 960 1839 fastigia
988 1784 1076 1826 alta
1103 1786 1145 1826 et
1172 1786 1432 1839 portentosa
1460 1796 1593 1827 manu
1622 1783 1841 1839 sacrilega
1859 1783 2004 1825 detra-

444 1855 601 1897 hentes
633 1855 824 1909 soloque
859 1856 1119 1909 aequantes.

503 1923 643 1968 Simili
689 1925 824 1968 modo
868 1924 1166 1968 Philochorus
1210 1925 1467 1980 explanavit
1504 1927 1545 1968 et
1593 1925 1855 1980 depravavit
1902 1936 2003 1967 nar-

444 1996 660 2038 rationem
704 1996 759 2038 de
793 1995 1063 2051 Proserpina
1106 2008 1131 2039 a
1173 1995 1353 2039 Theseo
1398 2008 1451 2039 ex
1485 1994 1604 2039 Orco
1639 1998 1765 2051 rapta
1797 1995 1865 2048 (ir.
1898 1994 2002 2048 46):

470 2067 584 2121 'o'pvyg
616 2070 786 2122 ἁρπαγὴ
818 2068 1093 2122 Περσεφόνης
1124 2071 1207 2107 ὑπὸ
1245 2068 1474 2116 Ἀιδωνέως
1506 2072 1577 2108 τοῦ
1605 2068 1851 2108 Μολοσσῶν
1876 2069 2003 2117 βασι-

441 2139 561 2188 λέως,
596 2140 638 2185 ὃς
671 2142 757 2191 εἶχε
787 2141 895 2178 κύνα
927 2140 1198 2192 παμμεγέθη,
1232 2142 1302 2178 τὸν
1334 2140 1568 2191 λεγόμενον
1602 2138 1833 2192 Κέρβερον,
1868 2139 1901 2189 ᾧ
1933 2141 2003 2177 τὸν

444 2210 683 2263 Πειρίθουν
724 2213 896 2263 ὕστερον
945 2209 1194 2264 διεχρήσατο
1241 2213 1592 2263 παραγενόμενον
1638 2211 1891 2262 ἐφ’ἁρπαγῇ
1936 2213 2003 2260 τῆς

442 2283 639 2331 γυναικὸς
680 2283 772 2331 ἅμα
816 2280 955 2333 Θησεῖ.
1001 2280 1142 2333 Θησέα
1184 2280 1228 2319 δὲ
1260 2284 1517 2334 παρατυχὼν
1550 2279 1768 2333 “Ηρακλῆς
1801 2281 2003 2333 ἐρρύσατο

441 2351 657 2401 μέλλοντα
690 2350 1105 2405 συνδιαφθείρεσθαι
1138 2355 1191 2403 τῷ
1223 2351 1432 2405 Πειρίθῳ.
1468 2351 1545 2390 Διὰ
1573 2350 1616 2389 δὲ
1644 2353 1688 2389 τό
1715 2354 1786 2389 τοῦ
1803 2349 2003 2389 κινδύνου

443 2426 656 2474 προῦπτον
684 2424 727 2471 ἐξ
753 2422 903 2462 ’Ἀιδου
932 2423 1150 2474 νομίζεται
1169 2421 1328 2475 Θησεὺς
1345 2422 1678 2474 ἀνεληλυθέναι,
1697 2424 1751 2468 ὡς
1768 2420 2004 2474 Φιλόχορος

444 2495 598 2545 ἱστορεῖ
629 2494 674 2531 ἐν
708 2491 903 2540 Ἀτθίδος
936 2493 1124 2547 δευτέρῳ.

503 2559 691 2603 Perinde
735 2573 787 2603 ac
829 2562 1112 2604 Minotaurus
1155 2560 1378 2605 Cerberus
1422 2573 1605 2616 quoque
1640 2561 1761 2603 exuit
1802 2560 2002 2615 speciem

443 2630 710 2682 fabulosam,
739 2644 828 2683 non
859 2634 944 2674 iam
975 2636 1040 2675 est
1062 2634 1357 2675 Medusaeum
1378 2635 1639 2683 monstrum,
1673 2633 1801 2674 cuius
1822 2631 2003 2682 „furiale

445 2704 620 2743 centum
641 2704 839 2745 muniant
859 2715 1029 2758 angues
1047 2703 1224 2758 caput”‚
1249 2704 1328 2746 sed
1345 2707 1458 2744 κύων
1480 2705 1773 2756 παμμεγέθης
1793 2703 2003 2744 dominus

450 2819 531 2861 100
