2174 3374
474 490 607 532 quam
653 478 829 520 iuvenis
871 479 1052 521 advenit
1097 478 1139 519 in
1185 477 1281 520 eius
1319 477 1501 519 exitium
1539 488 1760 519 venenum
1796 477 2033 519 miscuisse

473 548 555 599 (vs.
591 549 704 591 404:
751 549 929 603 iamque
973 549 1125 591 aderat
1167 548 1401 590 Theseus:
1446 548 1579 590 huius
1614 548 1656 589 in
1677 548 1857 590 exitium
1877 547 2036 590 miscet

472 619 636 661 Medea
682 620 936 670 venenum).
986 619 1120 661 Nullo
1171 619 1306 660 modo
1356 620 1489 672 poeta
1537 617 1748 660 disertius
1795 618 2034 660 ostendere

475 691 660 743 poterat,
710 689 800 731 duo
850 690 959 732 haec
1007 690 1123 732 facta
1172 690 1387 732 continuo
1436 700 1483 731 se
1533 689 1783 743 excepisse.
1841 686 2035 731 Ovidius

474 760 656 814 quidem
701 761 758 802 ab
802 761 963 803 usitata
1007 760 1186 803 fabulae
1229 760 1371 802 forma
1416 759 1646 814 paululum
1682 759 1893 802 discessit
1924 759 2034 801 tauri

474 831 657 873 caedem
709 843 796 873 non
846 832 1103 874 inducendo
1153 832 1392 886 postquam
1448 830 1654 873 Theseus
1704 830 1789 872 iam
1839 841 1864 872 a
1912 832 2035 884 patre

474 902 651 956 agnitus
700 904 779 954 est,
837 903 917 947 sed
977 902 1217 945 inserendo
1267 902 1310 943 in
1360 901 1739 944 enumerationem
1786 899 2034 943 facinorum

474 972 724 1022 illustrium,
774 985 889 1027 quae
941 974 1073 1016 heros
1122 974 1165 1014 in
1208 973 1363 1015 itinere
1406 971 1636 1014 Troezene
1679 970 1875 1013 Athenas
1917 970 2035 1014 facto

473 1043 679 1086 confecit.
723 1043 856 1086 Tauri
902 1056 1022 1086 mors
1065 1056 1154 1086 uno
1199 1046 1351 1086 tenore
1396 1044 1594 1085 narratur
1636 1053 1735 1084 cum
1772 1042 1907 1084 exitio
1941 1041 2037 1084 suis

473 1111 757 1168 Cromyonis,
792 1113 1057 1169 Periphetis,
1093 1113 1357 1164 Procrustis‚
1392 1113 1579 1155 aliorum
1615 1113 1927 1154 monstrorum.

531 1184 596 1227 Ne
641 1186 742 1239 quis
786 1185 893 1227 mihi
937 1187 1140 1239 opponat
1181 1184 1408 1227 Theseum
1452 1184 1761 1226 Marathonem
1799 1183 2036 1238 praeterire

473 1267 562 1298 non
607 1257 837 1310 potuisse3
883 1268 983 1298 narn
1028 1256 1145 1298 idem
1190 1256 1278 1298 dici
1325 1256 1474 1309 potest
1506 1254 1560 1297 de
1596 1252 1884 1309 Cephisiade,
1920 1265 2036 1308 quae

472 1327 702 1381 planitiem
732 1327 1057 1369 Marathoniam
1087 1326 1239 1381 tangit.
1271 1324 1607 1381 Geographiam
1639 1325 1681 1367 in
1701 1326 2036 1367 enumeratione

473 1398 581 1440 nihil
617 1399 787 1441 curavit
822 1400 970 1453 poeta.
1071 1385 1075 1388 ’

532 1467 699 1512 Ovidio
724 1470 856 1524 igitur
874 1471 1082 1523 exempto
1104 1468 1282 1510 nonnisi
1303 1468 1662 1523 Mythographus
1681 1467 1749 1509 vel
1770 1467 2039 1521 epitomator

472 1540 714 1583 Vaticanus
771 1542 917 1591 restat,
978 1540 1054 1594 qui
1109 1539 1336 1582 Theseum
1385 1538 1548 1581 Medea
1596 1538 1835 1593 instigante
1885 1539 2038 1580 contra

473 1613 644 1653 taurum
681 1612 867 1653 missum
903 1622 1004 1653 esse
1038 1611 1177 1652 finxit.

532 1682 693 1724 Iniuria
741 1683 858 1724 enim
910 1681 1209 1727 Reitzenstein
1259 1681 1368 1733 (lnd.
1420 1679 1627 1725 Rostock.
1682 1676 1873 1724 1891l92
1917 1691 1957 1733 p.
1992 1677 2037 1730 5)

473 1753 667 1795 coniecit
709 1751 1035 1796 Callimachum
1081 1764 1264 1806 quoque
1309 1753 1352 1793 in
1389 1751 1557 1794 Hecala
1590 1762 1672 1793 sua
1704 1750 1822 1793 illam
1858 1749 2039 1804 Mytho-

473 1824 630 1878 graphi
666 1825 920 1867 versionem
957 1824 1250 1878 expressisse.
1297 1823 1486 1866 Medeae
1526 1822 1716 1864 insidias
1749 1822 1792 1863 in
1827 1822 1912 1863 hoc
1946 1832 2038 1862 car-

474 1895 593 1937 mine
638 1897 837 1938 cantatas
881 1895 1022 1938 fuisse
1069 1895 1186 1937 idem
1232 1894 1298 1936 vir
1327 1894 1367 1936 d.
1405 1893 1654 1936 rectissime
1691 1892 1837 1936 effecit
1870 1904 1893 1934 e
1926 1891 2040 1946 frag-

474 1967 624 2008 mento
658 1964 769 2019 79¹)
805 1966 958 2018 (510):

1007 2041 1100 2090 ῗσχε
1132 2039 1257 2086 τέκος,
1290 2041 1350 2088 μὴ
1381 2037 1515 2076 πῖθι]

532 2106 659 2158 Quae
693 2109 796 2149 sunt
829 2107 965 2150 verba
998 2106 1134 2162 Aegei
1171 2107 1384 2161 poculum
1425 2104 1698 2148 mortiferum
1734 2116 1756 2147 e
1789 2104 1867 2146 tilii
1903 2115 2036 2146 manu

473 2178 718 2232 eripientis.
763 2177 863 2220 Non
908 2178 1136 2233 intellego,
1181 2177 1413 2231 quomodo
1447 2173 1800 2228 Wilamowit22)
1834 2175 2038 2217 dubitare

473 2250 631 2303 possit,
676 2261 781 2292 num
826 2250 1010 2291 omnino
1054 2248 1217 2291 Medea
1261 2249 1304 2290 in
1349 2246 1615 2291 Callimachi
1660 2247 1855 2289 carmine
1890 2247 2039 2300 partes

473 2320 625 2375 egerit,
661 2320 746 2363 nisi
780 2320 892 2363 forte
927 2319 1226 2374 adstipulatur
1259 2319 1418 2374 puerili
1448 2317 1710 2362 Schneideri
1740 2317 2038 2367 coniecturae,

473 2391 748 2445 suspicantis
818 2390 1015 2434 Hecalen
1075 2391 1145 2433 his
1202 2390 1353 2432 verbis
1410 2389 1589 2432 Theseo
1648 2399 1810 2443 aquam
1871 2387 2037 2442 petenti

473 2462 719 2512 obstitisse,
752 2463 997 2505 valetudini
1033 2463 1129 2505 eius
1162 2462 1360 2504 veritam.

516 2577 546 2616 1)
580 2576 754 2608 Numeros
789 2577 905 2614 attero,
929 2585 1022 2617 quos
1046 2577 1141 2609 dedit
1171 2577 1228 2609 Ida
1264 2576 1372 2616 impp,
1407 2583 1496 2615 quae
1521 2575 1644 2615 paucis
1668 2575 1745 2607 ante
1769 2573 1872 2606 annis
1900 2573 2039 2613 collegit

475 2629 702 2667 „Callimachi
727 2629 878 2661 Hecalae
904 2630 1142 2670 Fragmenta”,
1167 2628 1279 2662 Berol.
1305 2637 1333 2662 a.
1360 2628 1447 2661 1915.

513 2683 547 2721 2)
572 2682 612 2716 G.
638 2681 679 2714 G.
704 2682 745 2714 N.
772 2682 851 2714 1893
873 2691 904 2722 p.
928 2683 998 2714 740.

472 2785 529 2826 66
