2174 3374
126 479 358 534 pretandis
391 478 577 521 multum
614 479 824 533 posuisse
858 491 1035 533 operae.
1065 480 1125 522 Ita
1153 480 1296 523 Demo
1315 485 1355 524 et
1375 481 1685 534 Philochorus,

129 550 467 594 Euhemerismo
512 549 684 600 imbuti,
724 550 998 604 pragmatica
1036 551 1212 594 fabulas
1241 553 1555 607 interpretandi
1586 556 1687 596 rati-

129 633 215 664 one
248 621 433 675 saepius
466 621 534 663 usi
570 622 688 670 sunt,
722 622 769 662 ut
799 620 1048 675 fragmenta
1081 624 1308 665 testantur.
1333 624 1372 675 ¹)

188 692 474 746 Quamquam
509 691 643 747 igitur
675 691 920 745 scriptores
954 692 1015 733 illi
1050 703 1132 734 suo
1162 694 1355 748 quisque
1375 695 1554 750 ingenio
1575 708 1687 738 non-

90 772 94 774 ·
130 762 240 805 nihil
275 762 522 805 indulsisse
556 762 742 816 putandi
773 763 876 804 sunt
909 774 1056 816 neque
1076 763 1221 805 solum
1241 764 1314 806 alii
1335 765 1465 806 aliam
1486 766 1686 809 eiusdem

131 833 341 876 materiae
384 835 554 887 partem
598 833 851 875 accuratius
893 835 1192 875 tractaverunt
1229 835 1308 876 sed
1342 835 1472 877 etiam
1508 837 1687 878 easdem

131 915 202 947 res
250 904 426 947 diverse
474 905 704 946 narrantes
752 904 864 946 inter
913 915 961 946 se
1005 905 1380 959 impugnaverunt
1421 905 1505 957 (sic
1538 905 1690 948 Philo-

132 975 316 1018 chorum
350 973 575 1017 Atthidem
609 985 735 1017 suam
769 976 926 1016 contra
959 973 1179 1017 Demonis
1212 976 1451 1029 scripsisse
1484 976 1690 1018 traditum

132 1044 218 1098 est)
238 1068 291 1075 ·—
311 1056 599 1099 quamquam,
630 1044 716 1095 aio,
746 1044 910 1086 multae
929 1045 1258 1099 discrepantiae
1278 1046 1389 1087 inter
1407 1057 1486 1089 eos
1505 1048 1690 1098 exstant,

132 1118 268 1172 caput
295 1128 439 1159 rerum
469 1118 617 1158 tamen
640 1110 826 1170 'semper
847 1115 983 1157 fixum
1005 1116 1327 1169 immotumque
1346 1116 1485 1159 fuisse
1504 1117 1690 1167 videtur,

133 1188 261 1230 cuius
303 1186 484 1229 fabulae
527 1186 743 1229 illustrem
783 1185 1125 1229 Atheniensium
1169 1187 1388 1242 originem
1432 1188 1565 1241 atque
1599 1188 1691 1229 his-

132 1258 289 1301 toriam
323 1257 534 1313 gentilem
569 1257 849 1300 celebrantes
883 1268 1088 1312 magnam
1124 1260 1291 1311 partem
1327 1257 1578 1300 effecerunt.

192 1399 252 1442 lta
283 1399 491 1442 videmus
518 1398 889 1454 Atthidographis
919 1399 961 1440 in
992 1398 1116 1441 urbis
1144 1410 1252 1441 suae
1286 1398 1693 1441 historiafabulosa

134 1470 452 1524 componenda
469 1470 587 1512 idem
608 1469 891 1524 propositum
910 1469 1050 1512 fuisse
1070 1471 1202 1523 atque
1227 1469 1426 1523 Euripidi
1448 1470 1489 1511 in
1510 1470 1692 1511 heroum

88 1559 91 1568 ·
133 1541 377 1584 Atticorum
407 1540 620 1582 laudibus
662 1540 924 1582 cantandis:
968 1539 1308 1582 Atheniensium
1348 1540 1534 1594 originis
1567 1541 1694 1582 auto-

135 1611 375 1655 chthoniae
424 1611 735 1665 maiorumque
784 1611 901 1653 vitae
955 1610 1319 1653 celebrationem.
1363 1609 1510 1661 Quare
1555 1610 1696 1664 prima

77 1679 80 1683 ’
135 1683 289 1737 specie
308 1693 518 1737 magnum
548 1693 821 1725 consensum
852 1683 965 1724 inter
993 1684 1171 1736 poetam
1200 1683 1241 1724 et
1259 1682 1500 1724 historicos
1519 1681 1696 1723 nostros

135 1756 466 1808 exspectamus.
501 1752 584 1797 Cui
615 1754 943 1808 exspectationi
973 1756 1118 1796 autem
1139 1753 1492 1807 comparationis
1511 1754 1696 1795 eventus

136 1836 227 1867 non
261 1825 519 1879 respondet,
555 1825 678 1879 quod
713 1824 934 1879 imprimis
967 1824 1115 1866 referri
1151 1824 1284 1866 debet
1317 1824 1370 1865 ad
1401 1823 1442 1865 et
1467 1822 1693 1865 Atthidum

137 1895 178 1937 et
219 1895 468 1938 dramatum
512 1895 757 1938 Atticorum
791 1895 1140 1951 fragmentorum
1176 1894 1443 1948 paucitatem
1478 1894 1519 1934 et
1552 1891 1696 1933 tenui-

136 1967 284 2017 tatem,
329 1967 388 2009 ita
430 1968 476 2009 ut
517 1978 772 2020 perpaucae
807 1968 975 2008 tantum
1008 1965 1259 2008 fabularum
1293 1963 1505 2006 frustulae
1539 1973 1695 2015 super-

137 2037 239 2088 sint,
273 2048 388 2092 quas
421 2037 477 2079 ab
511 2037 712 2091 utrisque
745 2039 954 2080 tractatas
984 2037 1119 2079 hodie
1149 2038 1249 2078 ante
1277 2034 1436 2077 oculos
1464 2033 1694 2075 habemus.

101 2141 104 2169 f
138 2105 227 2151 Sed
262 2107 394 2150 etiam
429 2108 472 2149 in
507 2110 698 2163 angusta
732 2107 807 2150 illa
841 2108 1024 2150 materia
1057 2109 1098 2149 et
1131 2106 1250 2160 apud
1286 2103 1542 2158 Euripidem
1577 2104 1619 2144 et
1652 2102 1694 2143 in

99 2208 101 2215 ,
138 2177 395 2221 Atthidibus
428 2178 563 2220 obvia
597 2179 707 2221 satis
740 2190 948 2234 magnam
983 2176 1394 2220 dissimilitudinem
1430 2173 1695 2216 invenImus.

100 2244 103 2296 ἓ
139 2248 270 2293 Unde
304 2260 591 2303 nequaquam
627 2249 991 2292 concludendum
1031 2250 1098 2290 est
1130 2246 1357 2300 Euripidis
1390 2243 1694 2287 auctoritatem

138 2318 325 2362 Athenis
373 2332 528 2374 parum
576 2320 793 2375 viguisse,
843 2320 979 2362 immo
1027 2318 1309 2360 notissimum
1359 2317 1426 2357 est
1473 2314 1569 2356 eius
1610 2315 1696 2355 tra—

139 2390 341 2446 goedias,
399 2402 672 2445 quamquam
729 2391 785 2433 ab
844 2390 1112 2444 aequalibus
1169 2399 1257 2429 non
1315 2396 1493 2439 semper
1539 2383 1697 2437 aequis

140 2461 324 2504 auribus
381 2463 607 2517 acceptas,
667 2464 771 2516 post
829 2462 1013 2503 mortem
1072 2459 1216 2513 magis
1269 2456 1503 2511 magisque
1552 2453 1697 2495 homi-

184 2683 215 2724 1)
236 2683 312 2716 Vid.
336 2692 367 2723 p.
395 2684 432 2716 10
455 2692 507 2723 sq.
