2174 3374
161 512 227 550 ἀεὶ
269 509 441 550 ὁιειέλει
482 512 618 557 κακῶς
661 510 828 549 ἀκούων
869 514 937 549 καὶ
973 509 1301 563 λοιὸορούμενος
1334 513 1377 550 ἐν
1412 517 1491 558 τοῖς
1527 509 1712 559 Ἀῑῑικοῖς

160 582 368 634 θεάτροις.»

218 655 363 698 Alium
409 655 556 698 locum
594 655 802 698 trimetris
831 655 919 698 illis
956 656 997 697 in
1033 656 1229 699 dramate
1264 657 1414 699 tribuit
1449 654 1632 708 Korte1)
1672 659 1712 699 et

160 726 492 770 altercationem
543 725 769 780 quandam
829 726 871 768 in
919 726 1005 768 tine
1053 727 1308 782 tragoediae
1358 728 1469 769 inter
1514 727 1710 770 Minoem

159 797 477 852 Theseumque
511 808 536 839 a
570 799 703 851 poeta
737 797 964 839 inductam
1000 808 1099 839 esse
1133 798 1295 848 statuit,
1326 809 1596 852 quamquam
1617 798 1714 840 eius

159 870 420 924 argumenta
466 867 604 910 dubia
652 879 752 911 esse
801 867 908 909 mihi
957 868 1175 910 videntur.
1225 868 1269 910 ln
1313 868 1500 922 speculo
1543 868 1714 911 scilicet

159 939 357 994 quodam
390 938 541 982 Tusco
574 941 617 981 et
650 939 693 981 in
728 950 829 981 arca
861 937 985 981 ferali
1019 938 1289 981 Volterrensi
1325 939 1441 981 idem
1469 938 1558 981 fere
1587 950 1714 993 argu-

159 1012 354 1054 mentum
387 1020 649 1065 expressum
684 1010 913 1052 videmus:
953 1008 1178 1052 Theseum
1212 1009 1410 1051 Minoem
1445 1009 1715 1052 convenien-

158 1082 260 1133 tem,
301 1080 496 1124 Ariadna
537 1081 729 1135 aliisque
773 1081 981 1135 personis
1024 1080 1254 1123 nonnullis
1294 1080 1427 1134 (quae
1461 1080 1568 1122 nihil
1599 1092 1713 1123 nunc

158 1152 215 1195 ad
249 1151 358 1205 rem)
402 1152 676 1203 astantibus;
721 1153 950 1206 praeterea
993 1152 1036 1194 in
1066 1151 1254 1206 speculo
1284 1154 1421 1194 totum
1457 1162 1635 1205 corpus,
1671 1152 1713 1194 in

158 1234 261 1266 arca
292 1225 427 1278 caput
459 1223 701 1266 Minotauri
736 1223 880 1266 necati
915 1223 1056 1266 adest.

217 1292 507 1350 Colloquium
550 1294 663 1337 inter
698 1294 898 1337 Minoem
944 1293 1262 1348 Theseumque
1308 1296 1437 1348 post
1474 1293 1713 1335 Minotauri

158 1365 342 1408 caedem
372 1364 571 1408 habitum
601 1376 626 1407 a
652 1364 805 1408 fabula
832 1365 992 1408 tradita
1020 1364 1214 1407 alienum
1244 1366 1333 1415 est;
1357 1363 1561 1407 Theseus
1583 1364 1714 1414 enim,

158 1435 428 1490 simulatque
461 1434 681 1479 Ariadnae
716 1447 803 1490 ope
837 1435 1139 1478 Minotaurum
1170 1435 1345 1477 necavit
1372 1446 1511 1489 seque
1540 1446 1562 1477 e
1592 1434 1716 1488 laby-

159 1507 304 1550 rintho
334 1507 577 1562 expedivit,
607 1507 721 1549 clam
751 1518 899 1562 regem
929 1518 1029 1549 cum
1060 1517 1111 1549 ea
1139 1504 1369 1561 aufugisse
1389 1505 1522 1560 vulgo
1542 1505 1715 1547 dicitur.

215 1578 477 1621 Versionem
511 1577 800 1633 singularem,
829 1589 962 1632 quam
989 1577 1224 1632 speculum
1254 1579 1295 1619 et
1323 1588 1425 1619 arca
1452 1576 1716 1630 exprimunt,

157 1660 212 1692 ex
253 1649 486 1704 tragoedia
527 1651 662 1703 atque
706 1649 890 1703 quidem
934 1660 989 1691 ex
1026 1648 1254 1703 Euripidis
1288 1647 1466 1690 Theseo
1500 1647 1714 1701 originem

157 1720 329 1763 trahere
378 1720 488 1763 satis
522 1720 735 1763 audacter
768 1719 901 1762 Korte
937 1720 1195 1774 suspicatus
1229 1721 1317 1761 est:
1346 1718 1570 1760 Theseum
1600 1717 1715 1759 enim

157 1792 201 1833 in
244 1790 329 1833 hoc
372 1791 583 1841 dramate,
628 1790 703 1833 ubi
749 1791 940 1846 primum
984 1791 1040 1833 ad
1084 1788 1241 1833 Cretae
1286 1801 1406 1831 oram
1452 1788 1717 1843 appulisset,

156 1861 356 1905 Minoem
400 1862 569 1905 adiisse
609 1863 651 1905 et
687 1864 732 1904 ut
764 1862 850 1905 sibi
886 1861 1222 1915 comitibusque
1258 1859 1562 1902 incolumibus
1595 1859 1716 1901 abire

156 1932 321 1985 liceret,
355 1933 391 1976 si
424 1933 536 1976 forte
569 1933 826 1976 Minotauro
860 1933 978 1975 victo
1013 1932 1167 1975 salvus
1201 1943 1222 1974 e
1258 1930 1509 1985 labyrintho
1542 1930 1716 1980 rediret,

156 2005 335 2059 pactum
369 1999 491 2048 esse.
532 2003 666 2056 Quod
701 2004 901 2047 Minoem
934 2003 1065 2046 facile
1101 2002 1399 2053 concessisse,
1435 2001 1605 2056 quippe
1639 2000 1715 2055 qui

155 2077 402 2118 monstrum
452 2075 653 2130 superari
704 2086 841 2130 posse
890 2086 980 2117 non
1029 2074 1241 2117 crederet.
1287 2072 1512 2115 Theseum
1556 2072 1716 2122 autem,

155 2143 376 2188 Ariadnae
436 2157 523 2201 ope
582 2148 822 2197 servatum,
880 2148 926 2188 ut
984 2157 1059 2188 rex
1107 2144 1332 2199 promisso
1380 2144 1514 2186 staret
1559 2142 1718 2185 frustra

158 2216 475 2270 postulavisse.
508 2216 748 2260 Ariadnam
783 2217 946 2259 deinde
980 2216 1088 2258 dolo
1121 2215 1274 2269 aliquo
1308 2214 1526 2265 effecisse,
1555 2216 1715 2255 utcum

155 2286 335 2330 Theseo
354 2288 605 2342 ceterisque
624 2287 995 2331 adulescentibus
1014 2286 1266 2341 aufugeret3
1286 2286 1418 2328 deum
1438 2296 1491 2327 ex
1511 2284 1717 2326 machina

157 2357 357 2401 Minoem
390 2359 628 2402 retinuisse
662 2369 716 2401 ne
750 2358 968 2414 profugos
1001 2360 1364 2411 consequeretur.

215 2428 316 2472 Non
345 2441 461 2485 nego
490 2429 643 2472 drama
672 2430 731 2472 ita
758 2429 992 2472 decurrere
1021 2428 1238 2484 potuisse,
1264 2438 1537 2482 quamquam
1557 2425 1717 2480 ampli-

200 2608 230 2649 1)
252 2608 425 2647 Theseus,
448 2617 526 2641 zum
551 2609 717 2641 Herakles
741 2609 1008 2649 umgewandelt,
1032 2616 1094 2641 vor
1117 2608 1236 2641 Minos
1260 2607 1318 2640 auf
1341 2607 1454 2640 einem
1468 2606 1715 2639 Etrusklschen

156 2661 308 2702 Spiegel,
337 2661 460 2695 Strena
491 2661 700 2703 Helbigiana
730 2670 762 2702 p.
788 2661 845 2694 164
859 2670 946 2701 sqq,
977 2661 1036 2694 ubi
1068 2661 1202 2701 speculi
1227 2661 1258 2693 et
1281 2667 1381 2693 arcae
1405 2659 1521 2692 feralis
1545 2660 1718 2699 imagines

156 2713 316 2755 depictae
338 2717 428 2748 sunt.

1656 2814 1713 2857 89
