2174 3374
194 498 352 549 iacere,
401 497 568 551 quibus
602 496 745 551 pulsis
778 497 895 539 exire
930 499 1073 540 cuivis
1108 499 1222 541 licet.
1256 499 1388 550 Quod
1434 512 1532 542 cuin
1570 502 1750 542 notione

194 568 430 622 labyrinthi
464 567 645 610 minime
680 567 955 621 implicatum
992 571 1079 619 est3
1111 570 1245 611 immo
1276 582 1364 611 non
1396 571 1478 612 hoc
1515 570 1748 624 labyrinthi

196 639 425 694 proprium
459 640 539 689 est,
574 638 696 692 quod
731 638 886 680 densis
919 639 1115 681 tenebris
1150 639 1376 682 involutus
1410 643 1488 690 est,
1518 641 1597 682 sed
1628 642 1750 694 quod

194 710 291 752 eius
348 709 505 751 itinera
563 709 907 751 innumerabilia
966 712 1007 751 et
1060 712 1259 752 tortuosa
1308 711 1438 752 etiam
1488 711 1605 753 clara
1654 712 1751 754 luce

194 780 358 823 exitum
402 780 582 834 reperiri
628 791 716 821 non
761 780 925 821 sinunt.
971 777 1043 822 Sic
1089 792 1123 822 e.
1144 792 1184 834 g.
1229 780 1285 822 ab
1314 780 1593 834 Apollodoro
1627 781 1752 836 laby-

194 851 366 893 rinthus
413 850 682 892 describitur
730 851 853 892 hisce
903 850 1053 892 verbis
1098 850 1163 901 (lll
1203 851 1267 901 15,
1302 852 1376 902 8):
1421 853 1508 891 τΗν
1551 853 1592 891 δὲ
1636 857 1752 900 οὗτος

194 920 275 973 (SC.
325 924 347 961 ὁ
393 921 691 975 ΆΙινώταυρος)
741 924 786 961 ἐν
832 921 1098 975 Λαβυρίνθῳ
1145 923 1466 975 καθέιργιιιένος,
1515 925 1559 961 ἐν
1606 926 1637 974 ᾧ
1685 927 1753 962 τὸν

194 993 448 1033 εἰσελθόντα
490 992 700 1032 ἀδύνατον
742 995 793 1044 ἦν
824 994 994 1042 ἐξιέναι,
1028 993 1320 1039 πολυπλόκοις
1353 996 1431 1045 γὰρ
1462 999 1650 1044 καμπαῖς
1684 997 1754 1044 τὴν

195 1065 487 1115 ἀγνοουμένην
523 1062 669 1112 ἔξοδον
702 1063 912 1102 ἀπέκλειε.
947 1061 1252 1103 Tenebrarum
1289 1062 1454 1103 mentio
1489 1062 1609 1104 nulla
1641 1062 1699 1104 fii.

255 1133 298 1175 L.
313 1129 690 1187 Radermacher1)
707 1134 791 1175 hoc
812 1144 994 1186 quoque
1013 1133 1212 1174 sentiens
1230 1133 1558 1175 vetustissimae
1577 1132 1754 1175 fabulae

195 1203 410 1258 reliquias
451 1204 657 1259 agnoscit
700 1204 743 1245 in
788 1204 855 1252 iis,
891 1214 1006 1257 quae
1041 1203 1233 1257 legimus
1272 1203 1391 1257 apud
1427 1201 1608 1246 Suidam
1644 1214 1679 1246 s.
1713 1216 1752 1245 v.

194 1276 374 1328 Αἰγαῖον
415 1277 614 1328 πέλαγος,
665 1275 739 1317 ubi
783 1274 991 1317 Theseus
1034 1274 1336 1316 Minotaurum
1382 1279 1668 1328 κρυπτόμενον
1711 1277 1755 1314 ἐν

195 1347 394 1399 σπηλαίῳ
427 1345 705 1389 interfecisse
739 1346 928 1388 dicitur:
969 1356 1182 1387 coronam
1218 1345 1334 1387 enim
1369 1345 1676 1387 tantummodo
1711 1345 1754 1386 in

195 1427 350 1470 specu,
384 1416 505 1459 filum
540 1417 583 1459 in
618 1416 872 1471 labyrintho
907 1417 1007 1459 usui
1042 1427 1142 1458 esse
1177 1427 1326 1470 posse.
1367 1414 1528 1458 Postea
1561 1416 1754 1465 demum,

196 1498 296 1529 cum
330 1487 467 1531 ditius
500 1488 733 1531 cuiusdam
769 1489 930 1542 poetae
965 1487 1192 1542 ingenium
1229 1498 1251 1528 e
1282 1498 1419 1541 specu
1450 1486 1526 1528 illo
1547 1497 1753 1541 magnum

195 1558 425 1612 quoddam
459 1558 713 1602 aediticium
748 1558 1086 1601 subterraneum
1116 1557 1315 1608 fecisset,
1347 1559 1518 1611 praeter
1545 1568 1755 1599 coronam

194 1630 374 1685 glomus
407 1642 591 1684 quoque
624 1629 804 1672 Theseo
839 1630 991 1672 datum
1027 1640 1127 1671 esse
1162 1630 1298 1682 putat.

254 1700 489 1755 Quidquid
518 1701 562 1743 id
591 1703 671 1752 est,
701 1700 939 1755 Euripides
965 1700 1067 1742 ideo
1085 1699 1207 1741 filum
1228 1710 1420 1741 coronae
1440 1699 1756 1752 anteposuisse

196 1772 422 1826 putandus
465 1773 544 1822 est,
588 1771 711 1825 quod
755 1771 966 1814 tenebrae
1011 1770 1326 1824 labyrinthum,
1372 1769 1413 1810 in
1454 1781 1544 1823 quo
1578 1769 1755 1812 Theseo

194 1855 294 1886 cum
328 1842 585 1885 Minotauro
619 1841 912 1897 pugnandum
944 1843 1076 1891 esset,
1116 1841 1264 1882 minus
1297 1840 1518 1882 decerent.

252 1912 438 1956 Accedit
469 1913 593 1967 quod
623 1913 666 1955 in
696 1912 883 1955 historia
910 1911 1099 1954 fabulari
1132 1922 1298 1953 corona
1326 1912 1494 1952 tantum
1516 1922 1603 1952 non
1624 1910 1755 1965 plane

237 2063 267 2103 1)
297 2063 436 2096 Wiener
468 2063 615 2099 Eranos,
650 2071 678 2094 z.
711 2061 796 2095 50en
821 2061 1026 2094 Versaniml.
1062 2061 1227 2093 Deutsch.
1263 2060 1347 2093 Phil.
1374 2069 1406 2093 u.
1430 2060 1582 2093 Schulm.
1607 2061 1640 2092 in
1666 2060 1756 2094 Graz

197 2116 285 2155 1909,
308 2125 340 2156 p.
361 2115 424 2148 285
436 2124 512 2156 sqq.

236 2170 368 2202 ibidem
391 2177 421 2201 v.
440 2169 473 2201 d.
493 2170 565 2201 iure
585 2169 718 2201 dimisit
737 2169 886 2209 priorem
908 2169 1127 2204 sententiam,
1148 2175 1227 2200 cum
1249 2168 1280 2199 in
1296 2167 1385 2199 libro
1399 2174 1482 2199 suo:
1505 2167 1756 2208 „DasJenseits

195 2223 242 2256 im
263 2223 404 2263 Mythos
427 2223 488 2255 der
506 2223 707 2261 Hellenen'’,
729 2231 761 2262 p.
774 2222 814 2253 77
828 2230 905 2262 sqq.
929 2222 1084 2254 indicare
1108 2221 1261 2253 studeret
1285 2220 1529 2260 Labyrinthum
1554 2228 1757 2260 repraesen-

194 2278 265 2309 tare
295 2276 436 2314 Orcum,
459 2275 697 2308 Minotaurum
725 2276 809 2307 nihil
841 2283 920 2307 esse
952 2275 1019 2306 nisi
1050 2274 1260 2306 daemonem
1292 2274 1474 2309 infernum,
1497 2274 1602 2305 totam
1626 2273 1756 2304 Thesei

194 2329 451 2369 expeditionem
475 2329 618 2362 nonnisi
642 2329 914 2361 descensionem
938 2329 980 2360 ad
1007 2327 1147 2359 inferos.
1173 2327 1285 2366 Quam
1306 2326 1510 2366 opinionem
1525 2326 1758 2358 labefecerunt

195 2383 443 2415 excavationes
466 2382 533 2414 hoc
557 2382 699 2414 saeculo
724 2382 757 2413 in
782 2381 885 2414 Creta
908 2381 1025 2413 insula
1047 2380 1168 2417 factae,
1192 2388 1281 2419 quae
1305 2380 1411 2412 multa
1432 2388 1449 2411 e
1470 2380 1610 2419 regione
1625 2379 1757 2418 mytho-

196 2435 311 2476 logica
334 2436 368 2467 in
393 2435 594 2468 historicam
618 2435 844 2468 traduxerunt
867 2435 951 2474 (vid.
974 2442 1002 2466 e.
1026 2442 1058 2473 g.
1082 2434 1124 2466 de
1148 2434 1378 2473 Labyrintho:
1404 2432 1442 2464 H.
1457 2432 1492 2466 R.
1507 2432 1593 2469 Hali,
1615 2432 1756 2472 Aegean

195 2488 437 2528 Archaeology
460 2496 492 2528 p.
520 2488 577 2520 152
590 2490 691 2528 sqq),
715 2489 759 2520 ita
785 2489 819 2521 ut
843 2487 1100 2522 Radermacher
1119 2488 1194 2526 ipse
1215 2494 1306 2518 nunc
1326 2486 1470 2518 fateatur
1483 2485 1608 2524 (Wien.
1623 2485 1757 2516 Eranos

195 2541 216 2574 l.
239 2541 293 2581 l.):
329 2541 444 2579 „Dass
478 2541 534 2574 bei
565 2541 627 2573 der
660 2540 813 2581 Bildung
847 2541 965 2573 dieses
999 2539 1146 2580 Begrifis
1179 2539 1392 2579 (Labyrinthi
1427 2539 1516 2577 scil.)
1551 2538 1756 2569 historische

196 2593 459 2634 Erinnerungen
483 2593 646 2626 wirksam
670 2602 796 2631 waren,
821 2594 911 2625 ware
936 2594 1037 2625 heule
1062 2593 1257 2624 verkehrter
1280 2592 1331 2623 als
1354 2592 1386 2631 je
1407 2599 1448 2622 zu
1473 2591 1631 2630 leugnen,
1650 2591 1757 2622 nach-

196 2647 276 2679 dem
300 2647 356 2680 die
369 2647 650 2687 Ausgrabungen
669 2647 726 2679 aui
750 2647 849 2679 Kreta
873 2647 928 2679 die
950 2636 1195 2678 Uberbleibsel
1214 2646 1309 2684 jener
1330 2645 1459 2676 uralten
1475 2643 1609 2676 Palaste
1634 2645 1755 2683 zutage

197 2699 371 2740 gerordert
393 2701 519 2738 haben,
543 2700 648 2733 deren
674 2699 941 2740 Weitlauiigkeit
965 2700 999 2731 in
1024 2699 1219 2731 Erstaunen
1244 2697 1359 2730 setzt.''

1698 2799 1753 2840 87
