<?xml version="1.0" encoding="UTF-8"?>
<!DOCTYPE html PUBLIC "-//W3C//DTD XHTML 1.0 Transitional//EN"
    "http://www.w3.org/TR/xhtml1/DTD/xhtml1-transitional.dtd">
<html xmlns="http://www.w3.org/1999/xhtml" xml:lang="en" lang="en">
 <head>
  <title>
</title>
<meta http-equiv="Content-Type" content="text/html;charset=utf-8" />
  <meta name='ocr-system' content='tesseract 3.04.00' />
  <meta name='ocr-capabilities' content='ocr_page ocr_carea ocr_par ocr_line ocrx_word'/>
</head>
<body>
  <div class='ocr_page' id='page_1' title='image "./erechtheusetthes00schwuoft_0046.png"; bbox 0 0 2174 3374; ppageno 0'>
   <div class='ocr_carea' id='block_1_1' title="bbox 479 496 2077 2036">
    <p class='ocr_par' dir='ltr' id='par_1_1' title="bbox 479 496 2038 622">
     <span class='ocr_line' id='line_1_1' title="bbox 479 496 2038 553; baseline -0.001 -15"><span class='ocrx_word' id='word_1_1' title='bbox 479 501 679 553; x_wconf 70' lang='grc' dir='ltr'><em>καθάπερ</em></span> <span class='ocrx_word' id='word_1_2' title='bbox 709 505 911 553; x_wconf 72' lang='grc' dir='ltr'><em>μαρτυρεῖ</em></span> <span class='ocrx_word' id='word_1_3' title='bbox 944 499 1194 551; x_wconf 67' lang='grc' dir='ltr'><em>Φανόδημος</em></span> <span class='ocrx_word' id='word_1_4' title='bbox 1226 501 1271 538; x_wconf 76' lang='grc' dir='ltr'>ἐν</span> <span class='ocrx_word' id='word_1_5' title='bbox 1299 503 1344 551; x_wconf 63' lang='grc' dir='ltr'>τῇ</span> <span class='ocrx_word' id='word_1_6' title='bbox 1370 499 1535 550; x_wconf 76' lang='grc' dir='ltr'><em>πέμπτῃ</em></span> <span class='ocrx_word' id='word_1_7' title='bbox 1565 496 1743 549; x_wconf 73' lang='grc' dir='ltr'><em>Ἀτθίδι,</em></span> <span class='ocrx_word' id='word_1_8' title='bbox 1769 499 2038 550; x_wconf 75' lang='grc' dir='ltr'><em>μεμυημένος</em></span> 
     </span>
     <span class='ocr_line' id='line_1_2' title="bbox 481 573 878 622; baseline 0 -13"><span class='ocrx_word' id='word_1_9' title='bbox 481 576 549 622; x_wconf 73' lang='grc' dir='ltr'>τῆς</span> <span class='ocrx_word' id='word_1_10' title='bbox 581 576 698 622; x_wconf 72' lang='grc' dir='ltr'><em>ῑιμῆς</em></span> <span class='ocrx_word' id='word_1_11' title='bbox 730 573 878 610; x_wconf 80' lang='grc' dir='ltr'><em>αὐτῶν.</em></span> 
     </span>
    </p>

    <p class='ocr_par' dir='ltr' id='par_1_2' title="bbox 480 638 2044 1260">
     <span class='ocr_line' id='line_1_3' title="bbox 539 638 2039 694; baseline -0.001 -13"><span class='ocrx_word' id='word_1_12' title='bbox 539 639 665 690; x_wconf 88' lang='lat' dir='ltr'>Quae</span> <span class='ocrx_word' id='word_1_13' title='bbox 714 640 969 693; x_wconf 79' lang='lat' dir='ltr'>explanatio</span> <span class='ocrx_word' id='word_1_14' title='bbox 1020 652 1041 682; x_wconf 93' lang='lat' dir='ltr'>e</span> <span class='ocrx_word' id='word_1_15' title='bbox 1093 640 1261 694; x_wconf 79' lang='lat' dir='ltr'>patriae</span> <span class='ocrx_word' id='word_1_16' title='bbox 1312 638 1495 681; x_wconf 88' lang='lat' dir='ltr'>caritate</span> <span class='ocrx_word' id='word_1_17' title='bbox 1545 640 1647 680; x_wconf 91' lang='lat' dir='ltr'>nata</span> <span class='ocrx_word' id='word_1_18' title='bbox 1695 640 1828 692; x_wconf 89' lang='lat' dir='ltr'>atque</span> <span class='ocrx_word' id='word_1_19' title='bbox 1882 638 2039 692; x_wconf 90' lang='lat' dir='ltr'>quinto</span> 
     </span>
     <span class='ocr_line' id='line_1_4' title="bbox 481 706 2041 763; baseline -0.002 -11"><span class='ocrx_word' id='word_1_20' title='bbox 481 710 663 752; x_wconf 83' lang='lat' dir='ltr'>saeculo</span> <span class='ocrx_word' id='word_1_21' title='bbox 709 712 896 752; x_wconf 86' lang='lat' dir='ltr'>exeunte</span> <span class='ocrx_word' id='word_1_22' title='bbox 940 710 1147 752; x_wconf 89' lang='lat' dir='ltr'>consulto</span> <span class='ocrx_word' id='word_1_23' title='bbox 1183 709 1410 752; x_wconf 88' lang='lat' dir='ltr'>elaborata</span> <span class='ocrx_word' id='word_1_24' title='bbox 1430 706 1458 762; x_wconf 86' lang='lat'>¹)</span> <span class='ocrx_word' id='word_1_25' title='bbox 1494 708 1612 750; x_wconf 93' lang='lat' dir='ltr'>haud</span> <span class='ocrx_word' id='word_1_26' title='bbox 1648 719 1756 751; x_wconf 90' lang='lat' dir='ltr'>sane</span> <span class='ocrx_word' id='word_1_27' title='bbox 1790 708 2041 763; x_wconf 86' lang='lat' dir='ltr'>probabilis</span> 
     </span>
     <span class='ocr_line' id='line_1_5' title="bbox 481 779 2042 836; baseline -0.001 -14"><span class='ocrx_word' id='word_1_28' title='bbox 481 782 572 822; x_wconf 88' lang='lat' dir='ltr'>erat</span> <span class='ocrx_word' id='word_1_29' title='bbox 605 792 751 835; x_wconf 91' lang='lat' dir='ltr'>neque</span> <span class='ocrx_word' id='word_1_30' title='bbox 786 780 921 822; x_wconf 91' lang='lat' dir='ltr'>ullam</span> <span class='ocrx_word' id='word_1_31' title='bbox 956 780 1259 836; x_wconf 85' lang='lat' dir='ltr'>geographiae</span> <span class='ocrx_word' id='word_1_32' title='bbox 1289 779 1506 821; x_wconf 89' lang='lat' dir='ltr'>rationem</span> <span class='ocrx_word' id='word_1_33' title='bbox 1536 779 1743 831; x_wconf 86' lang='lat' dir='ltr'>habebat,</span> <span class='ocrx_word' id='word_1_34' title='bbox 1763 779 2042 821; x_wconf 90' lang='lat' dir='ltr'>contendens</span> 
     </span>
     <span class='ocr_line' id='line_1_6' title="bbox 483 850 2042 906; baseline -0.001 -14"><span class='ocrx_word' id='word_1_35' title='bbox 483 863 628 906; x_wconf 87' lang='lat' dir='ltr'>regem</span> <span class='ocrx_word' id='word_1_36' title='bbox 677 851 1017 894; x_wconf 81' lang='lat' dir='ltr'>Atheniensium</span> <span class='ocrx_word' id='word_1_37' title='bbox 1065 851 1182 893; x_wconf 77' lang='lat' dir='ltr'>filias</span> <span class='ocrx_word' id='word_1_38' title='bbox 1230 861 1337 893; x_wconf 87' lang='lat' dir='ltr'>suas</span> <span class='ocrx_word' id='word_1_39' title='bbox 1385 850 1665 892; x_wconf 75' lang='lat' dir='ltr'>sacrificasse</span> <span class='ocrx_word' id='word_1_40' title='bbox 1714 862 1803 892; x_wconf 92' lang='lat' dir='ltr'>non</span> <span class='ocrx_word' id='word_1_41' title='bbox 1849 850 1891 891; x_wconf 94' lang='lat' dir='ltr'>in</span> <span class='ocrx_word' id='word_1_42' title='bbox 1942 850 2042 904; x_wconf 88' lang='lat' dir='ltr'>ipsa</span> 
     </span>
     <span class='ocr_line' id='line_1_7' title="bbox 482 921 2040 977; baseline -0.002 -12"><span class='ocrx_word' id='word_1_43' title='bbox 482 923 603 972; x_wconf 85' lang='lat' dir='ltr'>urbe,</span> <span class='ocrx_word' id='word_1_44' title='bbox 652 923 732 965; x_wconf 90' lang='lat' dir='ltr'>sed</span> <span class='ocrx_word' id='word_1_45' title='bbox 781 923 823 965; x_wconf 93' lang='lat' dir='ltr'>in</span> <span class='ocrx_word' id='word_1_46' title='bbox 873 923 988 965; x_wconf 89' lang='lat' dir='ltr'>colle</span> <span class='ocrx_word' id='word_1_47' title='bbox 1039 923 1080 965; x_wconf 93' lang='lat' dir='ltr'>in</span> <span class='ocrx_word' id='word_1_48' title='bbox 1127 933 1312 977; x_wconf 86' lang='lat' dir='ltr'>prorsus</span> <span class='ocrx_word' id='word_1_49' title='bbox 1355 922 1533 964; x_wconf 88' lang='lat' dir='ltr'>diversa</span> <span class='ocrx_word' id='word_1_50' title='bbox 1578 921 1750 963; x_wconf 81' lang='lat' dir='ltr'>Atticae</span> <span class='ocrx_word' id='word_1_51' title='bbox 1784 922 1906 975; x_wconf 88' lang='lat' dir='ltr'>parte</span> <span class='ocrx_word' id='word_1_52' title='bbox 1940 921 2040 963; x_wconf 86' lang='lat' dir='ltr'>sito.</span> 
     </span>
     <span class='ocr_line' id='line_1_8' title="bbox 480 991 2042 1046; baseline -0.002 -10"><span class='ocrx_word' id='word_1_53' title='bbox 480 994 676 1036; x_wconf 88' lang='lat' dir='ltr'>Nimium</span> <span class='ocrx_word' id='word_1_54' title='bbox 721 994 823 1036; x_wconf 90' lang='lat' dir='ltr'>huic</span> <span class='ocrx_word' id='word_1_55' title='bbox 867 994 1063 1036; x_wconf 88' lang='lat' dir='ltr'>versioni</span> <span class='ocrx_word' id='word_1_56' title='bbox 1108 994 1260 1036; x_wconf 86' lang='lat' dir='ltr'>tribuit</span> <span class='ocrx_word' id='word_1_57' title='bbox 1298 992 1482 1036; x_wconf 90' lang='lat' dir='ltr'>Nilsson</span> <span class='ocrx_word' id='word_1_58' title='bbox 1518 1004 1664 1046; x_wconf 90' lang='lat' dir='ltr'>neque</span> <span class='ocrx_word' id='word_1_59' title='bbox 1698 991 2042 1046; x_wconf 81' lang='lat' dir='ltr'>Atthidographi</span> 
     </span>
     <span class='ocr_line' id='line_1_9' title="bbox 482 1063 2044 1119; baseline -0.001 -13"><span class='ocrx_word' id='word_1_60' title='bbox 482 1065 721 1106; x_wconf 86' lang='lat' dir='ltr'>consilium</span> <span class='ocrx_word' id='word_1_61' title='bbox 772 1065 1013 1119; x_wconf 83' lang='lat' dir='ltr'>perspexit,</span> <span class='ocrx_word' id='word_1_62' title='bbox 1063 1076 1116 1106; x_wconf 86' lang='lat' dir='ltr'>ex</span> <span class='ocrx_word' id='word_1_63' title='bbox 1165 1065 1263 1106; x_wconf 91' lang='lat' dir='ltr'>eius</span> <span class='ocrx_word' id='word_1_64' title='bbox 1311 1064 1462 1106; x_wconf 87' lang='lat' dir='ltr'>verbis</span> <span class='ocrx_word' id='word_1_65' title='bbox 1520 1063 1799 1105; x_wconf 90' lang='lat' dir='ltr'>concludens</span> <span class='ocrx_word' id='word_1_66' title='bbox 1846 1063 2044 1117; x_wconf 88' lang='lat' dir='ltr'>virgines</span> 
     </span>
     <span class='ocr_line' id='line_1_10' title="bbox 483 1133 2044 1189; baseline -0.001 -13"><span class='ocrx_word' id='word_1_67' title='bbox 483 1146 633 1177; x_wconf 89' lang='lat' dir='ltr'>revera</span> <span class='ocrx_word' id='word_1_68' title='bbox 669 1135 711 1176; x_wconf 90' lang='lat' dir='ltr'>in</span> <span class='ocrx_word' id='word_1_69' title='bbox 747 1134 998 1189; x_wconf 89' lang='lat' dir='ltr'>Hyacintho</span> <span class='ocrx_word' id='word_1_70' title='bbox 1035 1135 1150 1177; x_wconf 91' lang='lat' dir='ltr'>colle</span> <span class='ocrx_word' id='word_1_71' title='bbox 1184 1134 1474 1189; x_wconf 84' lang='lat' dir='ltr'>sepulchrum</span> <span class='ocrx_word' id='word_1_72' title='bbox 1510 1133 1722 1176; x_wconf 87' lang='lat' dir='ltr'>habuisse</span> <span class='ocrx_word' id='word_1_73' title='bbox 1757 1133 1911 1187; x_wconf 88' lang='lat' dir='ltr'>ibique</span> <span class='ocrx_word' id='word_1_74' title='bbox 1932 1133 2044 1175; x_wconf 80' lang='lat' dir='ltr'>infe-</span> 
     </span>
     <span class='ocr_line' id='line_1_11' title="bbox 482 1204 1057 1260; baseline 0.002 -13"><span class='ocrx_word' id='word_1_75' title='bbox 482 1206 570 1248; x_wconf 84' lang='lat' dir='ltr'>rias</span> <span class='ocrx_word' id='word_1_76' title='bbox 603 1206 669 1248; x_wconf 92' lang='lat' dir='ltr'>eis</span> <span class='ocrx_word' id='word_1_77' title='bbox 702 1205 859 1248; x_wconf 85' lang='lat' dir='ltr'>allatas</span> <span class='ocrx_word' id='word_1_78' title='bbox 893 1216 994 1248; x_wconf 90' lang='lat' dir='ltr'>esse</span> <span class='ocrx_word' id='word_1_79' title='bbox 1014 1204 1057 1260; x_wconf 78' lang='lat'>2).</span> 
     </span>
    </p>

    <p class='ocr_par' dir='ltr' id='par_1_3' title="bbox 482 1275 2077 1545">
     <span class='ocr_line' id='line_1_12' title="bbox 541 1275 2045 1331; baseline -0.001 -13"><span class='ocrx_word' id='word_1_80' title='bbox 541 1277 761 1331; x_wconf 88' lang='lat' dir='ltr'>Imprimis</span> <span class='ocrx_word' id='word_1_81' title='bbox 818 1276 1275 1331; x_wconf 84' lang='lat' dir='ltr'>Atthidographorum</span> <span class='ocrx_word' id='word_1_82' title='bbox 1335 1279 1426 1318; x_wconf 87' lang='lat' dir='ltr'>erat</span> <span class='ocrx_word' id='word_1_83' title='bbox 1468 1276 1582 1318; x_wconf 89' lang='lat' dir='ltr'>hanc</span> <span class='ocrx_word' id='word_1_84' title='bbox 1630 1275 1827 1317; x_wconf 74' lang='lat' dir='ltr'>fabulam</span> <span class='ocrx_word' id='word_1_85' title='bbox 1879 1275 2045 1326; x_wconf 89' lang='lat' dir='ltr'>„natio-</span> 
     </span>
     <span class='ocr_line' id='line_1_13' title="bbox 483 1343 2077 1403; baseline 0 -14"><span class='ocrx_word' id='word_1_86' title='bbox 483 1348 658 1390; x_wconf 89' lang='lat' dir='ltr'>nalem”</span> <span class='ocrx_word' id='word_1_87' title='bbox 689 1360 954 1403; x_wconf 87' lang='lat' dir='ltr'>propagare,</span> <span class='ocrx_word' id='word_1_88' title='bbox 975 1348 1097 1402; x_wconf 91' lang='lat' dir='ltr'>quod</span> <span class='ocrx_word' id='word_1_89' title='bbox 1117 1346 1455 1390; x_wconf 84' lang='lat' dir='ltr'>Phanodemum</span> <span class='ocrx_word' id='word_1_90' title='bbox 1475 1347 1638 1389; x_wconf 80' lang='lat' dir='ltr'>fecisse</span> <span class='ocrx_word' id='word_1_91' title='bbox 1658 1346 1805 1388; x_wconf 92' lang='lat' dir='ltr'>adhuc</span> <span class='ocrx_word' id='word_1_92' title='bbox 1823 1346 2044 1389; x_wconf 89' lang='lat' dir='ltr'>videmus.</span> <span class='ocrx_word' id='word_1_93' title='bbox 2074 1343 2077 1346; x_wconf 70' lang='grc'>’</span> 
     </span>
     <span class='ocr_line' id='line_1_14' title="bbox 482 1416 2047 1474; baseline -0.001 -14"><span class='ocrx_word' id='word_1_94' title='bbox 482 1418 779 1473; x_wconf 85' lang='lat' dir='ltr'>Nequaquam</span> <span class='ocrx_word' id='word_1_95' title='bbox 840 1419 972 1474; x_wconf 83' lang='lat' dir='ltr'>igitur</span> <span class='ocrx_word' id='word_1_96' title='bbox 1029 1418 1361 1460; x_wconf 88' lang='lat' dir='ltr'>Wellmannum</span> <span class='ocrx_word' id='word_1_97' title='bbox 1421 1418 1666 1471; x_wconf 86' lang='lat' dir='ltr'>sequimur,</span> <span class='ocrx_word' id='word_1_98' title='bbox 1727 1417 1802 1470; x_wconf 93' lang='lat' dir='ltr'>qui</span> <span class='ocrx_word' id='word_1_99' title='bbox 1853 1416 2047 1459; x_wconf 87' lang='lat' dir='ltr'>coniecit</span> 
     </span>
     <span class='ocr_line' id='line_1_15' title="bbox 482 1484 2045 1545; baseline -0.002 -13"><span class='ocrx_word' id='word_1_100' title='bbox 482 1491 735 1532; x_wconf 87' lang='lat' dir='ltr'>versionem</span> <span class='ocrx_word' id='word_1_101' title='bbox 779 1489 1130 1545; x_wconf 82' lang='lat' dir='ltr'>Apollodoream</span> <span class='ocrx_word' id='word_1_102' title='bbox 1175 1501 1229 1531; x_wconf 87' lang='lat' dir='ltr'>ex</span> <span class='ocrx_word' id='word_1_103' title='bbox 1269 1487 1460 1532; x_wconf 91' lang='lat' dir='ltr'>Clidemi</span> <span class='ocrx_word' id='word_1_104' title='bbox 1494 1488 1673 1531; x_wconf 82' lang='lat' dir='ltr'>Atthide</span> <span class='ocrx_word' id='word_1_105' title='bbox 1707 1487 1977 1541; x_wconf 80' lang='lat' dir='ltr'>profluxisse</span> <span class='ocrx_word' id='word_1_106' title='bbox 1997 1484 2045 1539; x_wconf 79' lang='lat'>3).</span> 
     </span>
    </p>

    <p class='ocr_par' dir='ltr' id='par_1_4' title="bbox 482 1556 2047 2036">
     <span class='ocr_line' id='line_1_16' title="bbox 543 1556 2045 1615; baseline -0.002 -12"><span class='ocrx_word' id='word_1_107' title='bbox 543 1560 890 1615; x_wconf 86' lang='lat' dir='ltr'>Hyacinthidum</span> <span class='ocrx_word' id='word_1_108' title='bbox 935 1561 1108 1615; x_wconf 79' lang='lat' dir='ltr'>origine</span> <span class='ocrx_word' id='word_1_109' title='bbox 1153 1560 1376 1602; x_wconf 87' lang='lat' dir='ltr'>Laconica</span> <span class='ocrx_word' id='word_1_110' title='bbox 1421 1556 1557 1613; x_wconf 80' lang='lat' dir='ltr'>(falso</span> <span class='ocrx_word' id='word_1_111' title='bbox 1593 1559 1659 1601; x_wconf 88' lang='lat' dir='ltr'>eis</span> <span class='ocrx_word' id='word_1_112' title='bbox 1692 1557 1873 1610; x_wconf 86' lang='lat' dir='ltr'>tributa)</span> <span class='ocrx_word' id='word_1_113' title='bbox 1907 1557 2045 1600; x_wconf 88' lang='lat' dir='ltr'>semel</span> 
     </span>
     <span class='ocr_line' id='line_1_17' title="bbox 482 1625 2046 1684; baseline -0.003 -10"><span class='ocrx_word' id='word_1_114' title='bbox 482 1632 720 1674; x_wconf 88' lang='lat' dir='ltr'>obscurata</span> <span class='ocrx_word' id='word_1_115' title='bbox 754 1634 795 1674; x_wconf 91' lang='lat' dir='ltr'>et</span> <span class='ocrx_word' id='word_1_116' title='bbox 829 1632 949 1674; x_wconf 94' lang='lat' dir='ltr'>nodo</span> <span class='ocrx_word' id='word_1_117' title='bbox 979 1644 1079 1674; x_wconf 89' lang='lat' dir='ltr'>cum</span> <span class='ocrx_word' id='word_1_118' title='bbox 1102 1631 1351 1673; x_wconf 81' lang='lat' dir='ltr'>Erechtheo</span> <span class='ocrx_word' id='word_1_119' title='bbox 1372 1631 1414 1672; x_wconf 91' lang='lat' dir='ltr'>in</span> <span class='ocrx_word' id='word_1_120' title='bbox 1435 1631 1648 1672; x_wconf 90' lang='lat' dir='ltr'>maiorem</span> <span class='ocrx_word' id='word_1_121' title='bbox 1670 1630 1838 1683; x_wconf 87' lang='lat' dir='ltr'>patriae</span> <span class='ocrx_word' id='word_1_122' title='bbox 1857 1625 2046 1684; x_wconf 76' lang='lat' dir='ltr'>gloriam</span> 
     </span>
     <span class='ocr_line' id='line_1_18' title="bbox 483 1699 2047 1757; baseline -0.003 -11"><span class='ocrx_word' id='word_1_123' title='bbox 483 1703 620 1746; x_wconf 87' lang='lat' dir='ltr'>semel</span> <span class='ocrx_word' id='word_1_124' title='bbox 666 1715 855 1753; x_wconf 84' lang='lat' dir='ltr'>conexo,</span> <span class='ocrx_word' id='word_1_125' title='bbox 899 1702 1030 1745; x_wconf 76' lang='lat' dir='ltr'>facile</span> <span class='ocrx_word' id='word_1_126' title='bbox 1077 1702 1379 1757; x_wconf 88' lang='lat' dir='ltr'>intellegimus</span> <span class='ocrx_word' id='word_1_127' title='bbox 1424 1713 1513 1743; x_wconf 91' lang='lat' dir='ltr'>non</span> <span class='ocrx_word' id='word_1_128' title='bbox 1549 1701 1713 1743; x_wconf 92' lang='lat' dir='ltr'>multos</span> <span class='ocrx_word' id='word_1_129' title='bbox 1747 1699 2047 1754; x_wconf 90' lang='lat' dir='ltr'>adstipulatos</span> 
     </span>
     <span class='ocr_line' id='line_1_19' title="bbox 483 1771 2047 1829; baseline -0.004 -13"><span class='ocrx_word' id='word_1_130' title='bbox 483 1785 583 1816; x_wconf 77' lang='lat' dir='ltr'>eSse</span> <span class='ocrx_word' id='word_1_131' title='bbox 628 1774 844 1828; x_wconf 77' lang='lat' dir='ltr'>Euripidi,</span> <span class='ocrx_word' id='word_1_132' title='bbox 888 1774 1071 1829; x_wconf 71' lang='lat' dir='ltr'>fingenti</span> <span class='ocrx_word' id='word_1_133' title='bbox 1111 1778 1181 1821; x_wconf 75' lang='grc' dir='ltr'>τὰς</span> <span class='ocrx_word' id='word_1_134' title='bbox 1211 1774 1451 1828; x_wconf 72' lang='grc' dir='ltr'><strong><em>Ἐρεχθέως</em></strong></span> <span class='ocrx_word' id='word_1_135' title='bbox 1479 1774 1717 1826; x_wconf 72' lang='grc' dir='ltr'><strong><em>θυγατέρας</em></strong></span> <span class='ocrx_word' id='word_1_136' title='bbox 1745 1771 1900 1818; x_wconf 72' lang='grc' dir='ltr'><em>Ἵὶὲὂας</em></span> <span class='ocrx_word' id='word_1_137' title='bbox 1932 1773 2047 1823; x_wconf 72' lang='grc' dir='ltr'><em>γενέ-</em></span> 
     </span>
     <span class='ocr_line' id='line_1_20' title="bbox 483 1840 2045 1899; baseline -0.001 -15"><span class='ocrx_word' id='word_1_138' title='bbox 483 1847 589 1885; x_wconf 69' lang='grc' dir='ltr'>σθαι</span> <span class='ocrx_word' id='word_1_139' title='bbox 618 1852 722 1899; x_wconf 75' lang='grc' dir='ltr'><em>τρεῖς</em></span> <span class='ocrx_word' id='word_1_140' title='bbox 755 1849 884 1893; x_wconf 80' lang='grc' dir='ltr'><em>οὔσας</em></span> <span class='ocrx_word' id='word_1_141' title='bbox 917 1844 1078 1896; x_wconf 88' lang='lat' dir='ltr'>(schol.</span> <span class='ocrx_word' id='word_1_142' title='bbox 1113 1843 1231 1886; x_wconf 83' lang='lat' dir='ltr'>Arati</span> <span class='ocrx_word' id='word_1_143' title='bbox 1267 1844 1322 1886; x_wconf 92' lang='lat' dir='ltr'>ad</span> <span class='ocrx_word' id='word_1_144' title='bbox 1357 1855 1421 1886; x_wconf 89' lang='lat' dir='ltr'>vs.</span> <span class='ocrx_word' id='word_1_145' title='bbox 1460 1840 1576 1896; x_wconf 86' lang='lat'>172).</span> <span class='ocrx_word' id='word_1_146' title='bbox 1612 1841 1793 1884; x_wconf 81' lang='lat' dir='ltr'>Poetam</span> <span class='ocrx_word' id='word_1_147' title='bbox 1829 1842 1977 1896; x_wconf 90' lang='lat' dir='ltr'>ipsum</span> <span class='ocrx_word' id='word_1_148' title='bbox 2003 1841 2045 1883; x_wconf 94' lang='lat' dir='ltr'>in</span> 
     </span>
     <span class='ocr_line' id='line_1_21' title="bbox 482 1913 2046 1970; baseline -0.003 -12"><span class='ocrx_word' id='word_1_149' title='bbox 482 1916 568 1958; x_wconf 77' lang='lat' dir='ltr'>fine</span> <span class='ocrx_word' id='word_1_150' title='bbox 603 1916 817 1958; x_wconf 89' lang='lat' dir='ltr'>dramatis</span> <span class='ocrx_word' id='word_1_151' title='bbox 851 1916 918 1958; x_wconf 93' lang='lat' dir='ltr'>sui</span> <span class='ocrx_word' id='word_1_152' title='bbox 954 1915 1225 1970; x_wconf 89' lang='lat' dir='ltr'>apotheosin</span> <span class='ocrx_word' id='word_1_153' title='bbox 1256 1915 1485 1969; x_wconf 88' lang='lat' dir='ltr'>quandam</span> <span class='ocrx_word' id='word_1_154' title='bbox 1504 1914 1728 1969; x_wconf 89' lang='lat' dir='ltr'>virginum</span> <span class='ocrx_word' id='word_1_155' title='bbox 1748 1913 2046 1966; x_wconf 89' lang='lat' dir='ltr'>requirentem</span> 
     </span>
     <span class='ocr_line' id='line_1_22' title="bbox 483 1982 2047 2036; baseline -0.003 -8"><span class='ocrx_word' id='word_1_156' title='bbox 483 1987 600 2029; x_wconf 87' lang='lat' dir='ltr'>hunc</span> <span class='ocrx_word' id='word_1_157' title='bbox 635 1988 990 2030; x_wconf 88' lang='lat' dir='ltr'>catasterismum</span> <span class='ocrx_word' id='word_1_158' title='bbox 1025 1988 1329 2029; x_wconf 91' lang='lat' dir='ltr'>commentum</span> <span class='ocrx_word' id='word_1_159' title='bbox 1366 1996 1481 2036; x_wconf 92' lang='lat' dir='ltr'>esse,</span> <span class='ocrx_word' id='word_1_160' title='bbox 1515 1984 1759 2027; x_wconf 90' lang='lat' dir='ltr'>verisimile</span> <span class='ocrx_word' id='word_1_161' title='bbox 1795 1985 1875 2026; x_wconf 86' lang='lat' dir='ltr'>est.</span> <span class='ocrx_word' id='word_1_162' title='bbox 1904 1982 2047 2025; x_wconf 92' lang='lat' dir='ltr'>Nemo</span> 
     </span>
    </p>
   </div>
   <div class='ocr_carea' id='block_1_2' title="bbox 486 2117 768 2121">
    <p class='ocr_par' dir='ltr' id='par_1_5' title="bbox 486 2117 768 2121">
     <span class='ocr_line' id='line_1_23' title="bbox 486 2117 768 2121; baseline 0 0"><span class='ocrx_word' id='word_1_163' title='bbox 486 2117 768 2121; x_wconf 95' lang='lat' dir='ltr'> </span> 
     </span>
    </p>
   </div>
   <div class='ocr_carea' id='block_1_3' title="bbox 482 2193 2048 2296">
    <p class='ocr_par' dir='ltr' id='par_1_6' title="bbox 482 2193 2048 2296">
     <span class='ocr_line' id='line_1_24' title="bbox 527 2193 2048 2236; baseline -0.004 -7"><span class='ocrx_word' id='word_1_164' title='bbox 527 2197 556 2236; x_wconf 92' lang='lat' dir='ltr'>l)</span> <span class='ocrx_word' id='word_1_165' title='bbox 588 2196 740 2229; x_wconf 83' lang='lat' dir='ltr'>Primum</span> <span class='ocrx_word' id='word_1_166' title='bbox 772 2205 848 2229; x_wconf 91' lang='lat' dir='ltr'>eam</span> <span class='ocrx_word' id='word_1_167' title='bbox 880 2204 1055 2236; x_wconf 83' lang='lat' dir='ltr'>emergere</span> <span class='ocrx_word' id='word_1_168' title='bbox 1085 2195 1248 2228; x_wconf 89' lang='lat' dir='ltr'>videmus</span> <span class='ocrx_word' id='word_1_169' title='bbox 1277 2195 1370 2235; x_wconf 91' lang='lat' dir='ltr'>apud</span> <span class='ocrx_word' id='word_1_170' title='bbox 1395 2194 1627 2234; x_wconf 85' lang='lat' dir='ltr'>Phrynichum</span> <span class='ocrx_word' id='word_1_171' title='bbox 1652 2194 1685 2225; x_wconf 92' lang='lat' dir='ltr'>in</span> <span class='ocrx_word' id='word_1_172' title='bbox 1710 2193 1936 2232; x_wconf 83' lang='lat' dir='ltr'>Monotropo,</span> <span class='ocrx_word' id='word_1_173' title='bbox 1959 2200 2048 2232; x_wconf 87' lang='lat' dir='ltr'>quae</span> 
     </span>
     <span class='ocr_line' id='line_1_25' title="bbox 482 2247 1618 2296; baseline -0.003 -14"><span class='ocrx_word' id='word_1_174' title='bbox 482 2250 601 2282; x_wconf 81' lang='lat' dir='ltr'>fabula</span> <span class='ocrx_word' id='word_1_175' title='bbox 623 2258 717 2282; x_wconf 92' lang='lat' dir='ltr'>anno</span> <span class='ocrx_word' id='word_1_176' title='bbox 740 2250 800 2281; x_wconf 89' lang='lat'>414</span> <span class='ocrx_word' id='word_1_177' title='bbox 824 2252 898 2282; x_wconf 84' lang='lat' dir='ltr'>acta</span> <span class='ocrx_word' id='word_1_178' title='bbox 923 2252 984 2289; x_wconf 84' lang='lat' dir='ltr'>est,</span> <span class='ocrx_word' id='word_1_179' title='bbox 1009 2252 1050 2283; x_wconf 75' lang='grc' dir='ltr'>ἐν</span> <span class='ocrx_word' id='word_1_180' title='bbox 1076 2250 1179 2296; x_wconf 58' lang='grc' dir='ltr'>ἀκμῇ</span> <span class='ocrx_word' id='word_1_181' title='bbox 1206 2249 1288 2281; x_wconf 86' lang='lat' dir='ltr'>belli</span> <span class='ocrx_word' id='word_1_182' title='bbox 1312 2247 1618 2288; x_wconf 81' lang='lat' dir='ltr'>Peloponnesiaci.</span> 
     </span>
    </p>
   </div>
   <div class='ocr_carea' id='block_1_4' title="bbox 483 2314 2050 2466">
    <p class='ocr_par' dir='ltr' id='par_1_7' title="bbox 483 2314 2050 2466">
     <span class='ocr_line' id='line_1_26' title="bbox 523 2314 2049 2358; baseline -0.004 -7"><span class='ocrx_word' id='word_1_183' title='bbox 523 2320 556 2358; x_wconf 84' lang='lat'>2)</span> <span class='ocrx_word' id='word_1_184' title='bbox 581 2319 809 2352; x_wconf 86' lang='lat' dir='ltr'>Griechische</span> <span class='ocrx_word' id='word_1_185' title='bbox 834 2320 931 2352; x_wconf 79' lang='lat' dir='ltr'>Feste</span> <span class='ocrx_word' id='word_1_186' title='bbox 955 2328 987 2358; x_wconf 84' lang='lat' dir='ltr'>p.</span> <span class='ocrx_word' id='word_1_187' title='bbox 1014 2320 1090 2352; x_wconf 86' lang='lat'>140:</span> <span class='ocrx_word' id='word_1_188' title='bbox 1117 2319 1201 2357; x_wconf 88' lang='lat' dir='ltr'>„Die</span> <span class='ocrx_word' id='word_1_189' title='bbox 1224 2319 1394 2351; x_wconf 85' lang='lat' dir='ltr'>attischen</span> <span class='ocrx_word' id='word_1_190' title='bbox 1420 2316 1685 2357; x_wconf 75' lang='lat' dir='ltr'>Hyakinthides,</span> <span class='ocrx_word' id='word_1_191' title='bbox 1709 2316 1765 2347; x_wconf 89' lang='lat' dir='ltr'>die</span> <span class='ocrx_word' id='word_1_192' title='bbox 1779 2314 1919 2347; x_wconf 90' lang='lat' dir='ltr'>mitden</span> <span class='ocrx_word' id='word_1_193' title='bbox 1932 2315 2049 2346; x_wconf 76' lang='lat' dir='ltr'>Toch—</span> 
     </span>
     <span class='ocr_line' id='line_1_27' title="bbox 483 2367 2050 2409; baseline -0.003 -6"><span class='ocrx_word' id='word_1_194' title='bbox 483 2374 554 2404; x_wconf 81' lang='lat' dir='ltr'>iern</span> <span class='ocrx_word' id='word_1_195' title='bbox 579 2372 643 2404; x_wconf 91' lang='lat' dir='ltr'>des</span> <span class='ocrx_word' id='word_1_196' title='bbox 667 2373 880 2405; x_wconf 85' lang='lat' dir='ltr'>Erechtheus</span> <span class='ocrx_word' id='word_1_197' title='bbox 912 2373 1131 2405; x_wconf 80' lang='lat' dir='ltr'>identifiziert</span> <span class='ocrx_word' id='word_1_198' title='bbox 1161 2372 1311 2409; x_wconf 82' lang='lat' dir='ltr'>werden,</span> <span class='ocrx_word' id='word_1_199' title='bbox 1336 2371 1479 2403; x_wconf 88' lang='lat' dir='ltr'>wurden</span> <span class='ocrx_word' id='word_1_200' title='bbox 1511 2369 1569 2402; x_wconf 83' lang='lat' dir='ltr'>aui</span> <span class='ocrx_word' id='word_1_201' title='bbox 1592 2369 1671 2401; x_wconf 87' lang='lat' dir='ltr'>dem</span> <span class='ocrx_word' id='word_1_202' title='bbox 1696 2368 1807 2408; x_wconf 77' lang='lat' dir='ltr'>Hilgel</span> <span class='ocrx_word' id='word_1_203' title='bbox 1832 2367 2050 2407; x_wconf 86' lang='lat' dir='ltr'>Hyakinthos</span> 
     </span>
     <span class='ocr_line' id='line_1_28' title="bbox 484 2420 2049 2466; baseline -0.003 -10"><span class='ocrx_word' id='word_1_204' title='bbox 484 2425 535 2456; x_wconf 78' lang='lat' dir='ltr'>fiir</span> <span class='ocrx_word' id='word_1_205' title='bbox 559 2425 614 2457; x_wconf 88' lang='lat' dir='ltr'>die</span> <span class='ocrx_word' id='word_1_206' title='bbox 639 2425 787 2466; x_wconf 78' lang='lat' dir='ltr'>Rettung</span> <span class='ocrx_word' id='word_1_207' title='bbox 811 2426 874 2458; x_wconf 92' lang='lat' dir='ltr'>des</span> <span class='ocrx_word' id='word_1_208' title='bbox 898 2426 1126 2458; x_wconf 89' lang='lat' dir='ltr'>Vaterlandes</span> <span class='ocrx_word' id='word_1_209' title='bbox 1149 2425 1408 2466; x_wconf 80' lang='lat' dir='ltr'>geschlachtet;</span> <span class='ocrx_word' id='word_1_210' title='bbox 1444 2423 1475 2455; x_wconf 89' lang='lat' dir='ltr'>d.</span> <span class='ocrx_word' id='word_1_211' title='bbox 1500 2423 1531 2454; x_wconf 87' lang='lat' dir='ltr'>h.</span> <span class='ocrx_word' id='word_1_212' title='bbox 1564 2422 1615 2454; x_wconf 88' lang='lat' dir='ltr'>sie</span> <span class='ocrx_word' id='word_1_213' title='bbox 1644 2422 1746 2461; x_wconf 85' lang='lat' dir='ltr'>lagen</span> <span class='ocrx_word' id='word_1_214' title='bbox 1771 2421 1848 2453; x_wconf 89' lang='lat' dir='ltr'>dort</span> <span class='ocrx_word' id='word_1_215' title='bbox 1871 2420 2049 2460; x_wconf 85' lang='lat' dir='ltr'>begraben</span> 
     </span>
    </p>
   </div>
   <div class='ocr_carea' id='block_1_5' title="bbox 484 2476 2051 2563">
    <p class='ocr_par' dir='ltr' id='par_1_8' title="bbox 484 2476 2051 2563">
     <span class='ocr_line' id='line_1_29' title="bbox 484 2476 2051 2521; baseline -0.002 -11"><span class='ocrx_word' id='word_1_216' title='bbox 484 2479 555 2510; x_wconf 85' lang='lat' dir='ltr'>und</span> <span class='ocrx_word' id='word_1_217' title='bbox 591 2479 705 2511; x_wconf 79' lang='lat' dir='ltr'>hatten</span> <span class='ocrx_word' id='word_1_218' title='bbox 742 2479 818 2511; x_wconf 85' lang='lat' dir='ltr'>dort</span> <span class='ocrx_word' id='word_1_219' title='bbox 852 2480 953 2511; x_wconf 81' lang='lat' dir='ltr'>einen</span> <span class='ocrx_word' id='word_1_220' title='bbox 988 2480 1186 2517; x_wconf 85' lang='lat' dir='ltr'>Totenkult,</span> <span class='ocrx_word' id='word_1_221' title='bbox 1220 2479 1286 2511; x_wconf 80' lang='lat' dir='ltr'>wie</span> <span class='ocrx_word' id='word_1_222' title='bbox 1320 2477 1376 2510; x_wconf 82' lang='lat' dir='ltr'>die</span> <span class='ocrx_word' id='word_1_223' title='bbox 1411 2476 1528 2508; x_wconf 81' lang='lat' dir='ltr'>Worte</span> <span class='ocrx_word' id='word_1_224' title='bbox 1562 2476 1807 2521; x_wconf 33' lang='grc' dir='ltr'>μειιινηλιιένος</span> <span class='ocrx_word' id='word_1_225' title='bbox 1846 2479 1908 2519; x_wconf 74' lang='grc' dir='ltr'>τῆς</span> <span class='ocrx_word' id='word_1_226' title='bbox 1941 2478 2051 2520; x_wconf 76' lang='grc' dir='ltr'><em>τιμῆς</em></span> 
     </span>
     <span class='ocr_line' id='line_1_30' title="bbox 484 2530 837 2563; baseline 0 -1"><span class='ocrx_word' id='word_1_227' title='bbox 484 2531 608 2563; x_wconf 57' lang='lat' dir='ltr'>micam</span> <span class='ocrx_word' id='word_1_228' title='bbox 634 2530 837 2562; x_wconf 85' lang='lat' dir='ltr'>andeuten.&#39;¹</span> 
     </span>
    </p>
   </div>
   <div class='ocr_carea' id='block_1_6' title="bbox 485 2595 2051 2744">
    <p class='ocr_par' dir='ltr' id='par_1_9' title="bbox 485 2595 2051 2744">
     <span class='ocr_line' id='line_1_31' title="bbox 525 2595 2051 2639; baseline -0.002 -9"><span class='ocrx_word' id='word_1_229' title='bbox 525 2600 557 2638; x_wconf 84' lang='lat'>3)</span> <span class='ocrx_word' id='word_1_230' title='bbox 582 2600 762 2637; x_wconf 80' lang='lat' dir='ltr'>„Fortasse</span> <span class='ocrx_word' id='word_1_231' title='bbox 787 2600 900 2632; x_wconf 88' lang='lat' dir='ltr'>eidem</span> <span class='ocrx_word' id='word_1_232' title='bbox 925 2599 1087 2632; x_wconf 88' lang='lat' dir='ltr'>Clidemo</span> <span class='ocrx_word' id='word_1_233' title='bbox 1111 2599 1228 2632; x_wconf 82' lang='lat' dir='ltr'>fabula</span> <span class='ocrx_word' id='word_1_234' title='bbox 1252 2599 1294 2631; x_wconf 87' lang='lat' dir='ltr'>de</span> <span class='ocrx_word' id='word_1_235' title='bbox 1319 2597 1850 2639; x_wconf 65' lang='lat' dir='ltr'>HyacinthifiliabusoehApoll.</span> <span class='ocrx_word' id='word_1_236' title='bbox 1865 2596 1901 2628; x_wconf 93' lang='lat' dir='ltr'>lll</span> <span class='ocrx_word' id='word_1_237' title='bbox 1918 2596 1963 2634; x_wconf 86' lang='lat'>15,</span> <span class='ocrx_word' id='word_1_238' title='bbox 1976 2596 2004 2634; x_wconf 79' lang='grc'>8,</span> <span class='ocrx_word' id='word_1_239' title='bbox 2017 2595 2051 2636; x_wconf 86' lang='grc'>3)</span> 
     </span>
     <span class='ocr_line' id='line_1_32' title="bbox 485 2650 2050 2693; baseline -0.002 -9"><span class='ocrx_word' id='word_1_240' title='bbox 485 2661 590 2692; x_wconf 81' lang='lat' dir='ltr'>qnam</span> <span class='ocrx_word' id='word_1_241' title='bbox 616 2653 733 2684; x_wconf 88' lang='lat' dir='ltr'>medio</span> <span class='ocrx_word' id='word_1_242' title='bbox 758 2655 880 2692; x_wconf 82' lang='lat' dir='ltr'>quarto</span> <span class='ocrx_word' id='word_1_243' title='bbox 906 2653 1050 2685; x_wconf 84' lang='lat' dir='ltr'>saeculo</span> <span class='ocrx_word' id='word_1_244' title='bbox 1075 2654 1191 2685; x_wconf 79' lang='lat' dir='ltr'>notam</span> <span class='ocrx_word' id='word_1_245' title='bbox 1217 2653 1326 2684; x_wconf 78' lang='lat' dir='ltr'>fuisse</span> <span class='ocrx_word' id='word_1_246' title='bbox 1351 2661 1392 2684; x_wconf 79' lang='lat' dir='ltr'>ex</span> <span class='ocrx_word' id='word_1_247' title='bbox 1417 2651 1517 2691; x_wconf 82' lang='lat' dir='ltr'>llarp.</span> <span class='ocrx_word' id='word_1_248' title='bbox 1543 2659 1606 2683; x_wconf 82' lang='lat' dir='ltr'>S.v.</span> <span class='ocrx_word' id='word_1_249' title='bbox 1631 2650 1872 2693; x_wconf 65' lang='grc' dir='ltr'>Ὑιικινῧίὸες</span> <span class='ocrx_word' id='word_1_250' title='bbox 1897 2651 2050 2690; x_wconf 82' lang='lat' dir='ltr'>apparet,</span> 
     </span>
     <span class='ocr_line' id='line_1_33' title="bbox 485 2704 1317 2744; baseline 0 -9"><span class='ocrx_word' id='word_1_251' title='bbox 485 2705 660 2736; x_wconf 73' lang='lat' dir='ltr'>debelur&#39;&#39;.</span> <span class='ocrx_word' id='word_1_252' title='bbox 685 2704 836 2743; x_wconf 84' lang='lat' dir='ltr'>(Wellm.</span> <span class='ocrx_word' id='word_1_253' title='bbox 862 2705 903 2736; x_wconf 89' lang='lat' dir='ltr'>de</span> <span class='ocrx_word' id='word_1_254' title='bbox 929 2705 1014 2736; x_wconf 81' lang='lat' dir='ltr'>Istro</span> <span class='ocrx_word' id='word_1_255' title='bbox 1039 2705 1175 2737; x_wconf 85' lang='lat' dir='ltr'>Callim.</span> <span class='ocrx_word' id='word_1_256' title='bbox 1199 2713 1230 2744; x_wconf 88' lang='lat' dir='ltr'>p.</span> <span class='ocrx_word' id='word_1_257' title='bbox 1254 2705 1317 2743; x_wconf 80' lang='lat'>43).</span> 
     </span>
    </p>
   </div>
   <div class='ocr_carea' id='block_1_7' title="bbox 487 2807 544 2848">
    <p class='ocr_par' dir='ltr' id='par_1_10' title="bbox 487 2807 544 2848">
     <span class='ocr_line' id='line_1_34' title="bbox 487 2807 544 2848; baseline 0 0"><span class='ocrx_word' id='word_1_258' title='bbox 487 2807 544 2848; x_wconf 81' lang='lat'>34</span> 
     </span>
    </p>
   </div>
  </div>
 </body>
</html>
