2174 3374
458 527 680 569 niensium
715 527 853 570 fuisse
889 528 1226 582 polemarchum
1261 528 1329 570 vel
1359 529 1647 571 stratarchen
1678 528 1856 573 Praeter
1878 529 2020 575 Hero.—

458 598 610 639 dotum
634 596 663 649 ¹)
699 599 814 641 idem
852 602 996 642 narrat
1028 599 1305 650 Aristoteles,
1325 597 1355 653 2)
1386 600 1476 653 qui,
1508 611 1648 655 agens
1676 601 1731 643 de
1749 601 2019 644 Athenarum

458 668 689 722 republica
722 672 821 711 ante
856 669 1123 721 Draconem,
1160 670 1268 712 dicit
1301 682 1485 725 regnum
1523 671 1769 714 institutum
1808 673 2020 715 vetustis-

457 739 618 781 simum
671 751 787 791 esse,
837 741 1001 784 deinde
1052 741 1389 795 polemarchum
1440 741 1641 784 additum
1691 754 1791 786 esse
1850 744 1920 784 διὰ
1977 748 2020 784 τὸ

455 813 680 863 γίγνεσθαί
723 828 836 860 τινας
880 818 959 852 τῶν
990 815 1208 864 βασιλέων
1241 818 1289 853 τὰ
1320 814 1511 865 πολέμια
1541 815 1778 865 μαλακούς,
1814 816 1918 854 ὅθεν
1949 820 2020 854 καὶ

456 885 526 921 τὸν
558 882 692 922 ’Ίωνα
723 886 1048 934 μεῑεπέμψαντο
1081 888 1226 938 χρείας
1253 885 1580 936 καταλαβούσης
1609 895 1646 926 e.
1676 896 1717 937 q.
1748 895 1782 927 S.
1811 883 2020 938 Denique

457 950 705 995 Pausanias
739 964 922 1007 quoque
957 954 1194 1005 consentit,
1229 965 1253 996 a
1288 965 1378 1007 quo
1412 953 1486 995 Ion
1523 957 1590 994 ἐπὶ
1624 960 1695 995 τοῦ
1727 956 1921 1007 πολέμου
1950 960 2020 995 τοῦ

455 1028 558 1077 πρὸς
591 1021 884 1072 Ἐλευσινίους
916 1026 1247 1078 πολε,ιιαρχῆσαι
1281 1024 1455 1066 dicitur.
1477 1022 1505 1079 3)

516 1093 611 1136 Hoc
647 1094 782 1136 modo
818 1094 983 1145 Ionem,
1028 1107 1161 1149 quem
1198 1095 1240 1137 in
1281 1096 1462 1137 domum
1500 1095 1664 1150 regiam
1701 1096 1896 1139 inserere
1930 1107 2020 1138 non

456 1167 673 1217 poterant,
708 1165 844 1219 digna
877 1166 984 1207 sede
1019 1166 1368 1208 collocaverunt.

515 1234 833 1277 Philochorum
885 1248 1067 1289 quoque
1118 1237 1160 1278 in
1211 1248 1363 1278 eorum
1415 1248 1600 1279 numero
1648 1236 1803 1288 fuisse,
1852 1237 2020 1292 apertis

455 1306 637 1359 quidem
673 1306 823 1349 verbis
856 1318 1078 1361 nusquam
1114 1307 1318 1362 legimus,
1353 1307 1433 1350 sed
1469 1319 1556 1349 non
1591 1309 1790 1362 apparet,
1820 1319 1910 1362 quo
1929 1308 2018 1350 alio

455 1378 590 1419 modo
633 1378 975 1433 Atthidographi
1021 1390 1151 1433 agere
1198 1378 1437 1433 potuerint,
1481 1378 1566 1420 nisi
1610 1378 1722 1421 forte
1766 1381 1897 1432 putas
1940 1390 2019 1422 eos

454 1449 603 1492 Ionem
635 1450 677 1491 in
709 1461 861 1504 regum
891 1450 1051 1492 seriem
1071 1450 1325 1493 ‘inserendo
1355 1452 1543 1492 stemma
1562 1450 1732 1505 regium
1751 1450 2018 1493 turbavisse.

454 1519 611 1573 Neque
646 1531 670 1562 a
703 1531 809 1562 vero
845 1531 928 1562 nos
961 1520 1156 1563 abducat
1189 1521 1312 1574 quod
1349 1518 1508 1563 Strabo
1543 1519 1569 1562 l.
1590 1520 1615 1561 l.
1646 1517 1692 1573 (i.
1714 1531 1750 1562 e.
1780 1518 2019 1562 Philocho-

454 1588 543 1645 rus)
561 1589 595 1642 4)
637 1591 697 1633 ait
739 1591 888 1634 Ionem
934 1592 992 1634 ob
1036 1592 1267 1634 victoriam
1313 1592 1368 1634 de
1402 1591 1625 1646 Eumolpo
1661 1594 1928 1646 reportatam
1962 1592 2018 1634 ab

454 1660 805 1704 Atheniensibus
839 1667 910 1714 τὴν
941 1664 1163 1703 πολιτείαν
1197 1663 1444 1716 accepisse.
1480 1661 1581 1712 Quo
1615 1662 1840 1704 vocabulo
1875 1664 2019 1705 neuti-

455 1744 588 1785 quam
624 1744 807 1787 regnum
843 1733 1132 1787 significatur.
1161 1731 1322 1776 Strabo
1356 1736 1503 1775 autem
1540 1733 1852 1788 neglegentius
1885 1734 2017 1785 idem,

454 1804 577 1856 quod
606 1804 679 1845 alii
711 1803 1063 1858 polemarchiam
1093 1804 1450 1855 nominaverunt,
1471 1805 1556 1846 hoc
1577 1804 1677 1846 loco
1697 1805 1740 1846 in
1760 1805 2016 1847 universum

453 1879 525 1926 τὴν
556 1876 779 1916 πολιτείαν
811 1872 1026 1928 (civitatis
1060 1875 1452 1930 gubernationem)
1488 1875 1659 1918 dixisse
1692 1875 1879 1918 videtur.
1899 1873 1934 1929 5)

512 2016 662 2070 ltaque
708 2017 869 2059 multas
911 2017 1242 2071 discrepantias
1277 2017 1389 2060 inter
1422 2016 1679 2071 Euripidem
1715 2018 1756 2059 et
1788 2015 2016 2059 Atthidum

453 2087 696 2141 scriptores
725 2088 767 2130 in
804 2088 1181 2142 praecedentibus
1216 2089 1468 2139 statuimus,
1513 2099 1629 2142 quae
1663 2090 1811 2130 tamen
1846 2098 2018 2141 nequa-

453 2169 587 2211 quam
633 2158 862 2213 Euripidis
904 2159 1228 2209 auctoritatem,
1272 2171 1360 2213 qua
1394 2159 1516 2213 apud
1552 2160 1760 2213 posteros
1795 2169 1903 2201 usus
1937 2159 2016 2209 est,

452 2230 711 2272 detrectant.
747 2228 966 2284 Detegere
1001 2231 1117 2272 enim
1155 2231 1301 2272 conati
1338 2241 1495 2272 sumus
1524 2240 1702 2279 causaS,
1732 2240 1810 2271 cur
1838 2231 2015 2283 poetam

496 2415 525 2454 l)
550 2414 627 2447 Her.
650 2415 703 2447 V11
726 2415 776 2447 44.

492 2468 525 2507 2)
549 2468 670 2501 Athen.
695 2469 768 2501 Civ.
792 2469 820 2507 3,
844 2469 872 2501 2.

492 2521 525 2560 3)
548 2521 649 2554 Paus.
675 2522 683 2552 l
707 2522 756 2559 31,
780 2522 808 2554 3.

491 2576 524 2614 4)
548 2576 590 2607 cf.
613 2583 645 2614 p.
668 2575 717 2608 49.

491 2628 524 2667 5)
548 2628 679 2661 Moneo
711 2631 831 2661 contra
864 2629 1102 2668 Toepiierum,
1133 2630 1192 2668 qui
1222 2630 1313 2661 hunc
1338 2628 1522 2661 Strabonis
1546 2628 1662 2660 locum
1687 2629 1853 2666 spectans
1876 2627 2016 2660 scribit:

453 2681 558 2719 „Zum
593 2681 712 2714 Lohne
746 2682 799 2713 fiir
833 2683 930 2715 seine
967 2683 1057 2715 Hiite
1092 2684 1157 2714 soll
1190 2683 1248 2714 ion
1280 2683 1336 2714 die
1367 2682 1569 2714 athenische
1595 2681 1839 2720 Konigskrone
1863 2681 2016 2713 erhalten

452 2735 599 2767 haben.’'
622 2734 700 2774 (Att.
725 2743 801 2774 gen.
827 2744 858 2774 p.
881 2735 951 2771 268,
976 2736 1013 2767 A.
1037 2736 1079 2774 2).

452 2838 508 2879 52
