2174 3374
144 507 248 561 post
269 505 481 560 ⁹confecta
507 508 623 549 sunt.
653 505 757 548 Tria
787 517 1000 549 coronam
1022 509 1278 560 ostendunt,
1298 510 1459 553 anulus
1478 521 1698 565 nusquam

144 577 434 631 conspicitur,
484 578 568 619 nisi
618 576 807 619 fortasse
857 578 899 619 in
949 589 1054 620 vase
1103 579 1321 631 Tricasio,
1372 582 1445 623 ubi
1494 581 1700 624 Theseus

143 649 258 690 astat
288 648 486 690 dextram
519 647 730 702 Neptuno
766 649 1015 703 porrigens,
1052 649 1178 692 laeva
1207 663 1387 705 parvam
1419 653 1626 706 pyxidem
1647 676 1699 680 --

144 721 191 762 ut
217 719 392 761 videtur
419 742 473 747 —
502 721 674 770 tenens,
705 730 821 773 quae
850 719 1031 761 anulum
1062 722 1288 763 continere
1314 725 1473 776 potest.
1495 721 1699 766 Ceterum

144 791 254 832 haec
297 790 403 832 artis
446 801 584 844 opera
617 801 801 844 prorsus
834 793 1140 845 argumentum
1176 793 1384 835 carminis
1417 793 1702 848 Bacchylidis

143 863 186 904 et
217 861 431 916 picturae,
465 872 580 915 quae
615 861 829 916 templum
864 861 1065 912 ornabat,
1101 864 1367 916 exprimunt,
1402 875 1547 918 neque
1575 865 1702 918 quic-

144 942 279 986 quam
313 932 417 973 novi
446 931 626 974 fabulae
661 932 845 974 addunt.

204 1001 368 1046 Omnia
411 1003 520 1045 haec
563 1003 766 1046 eiusdem
812 1004 1058 1058 argumenti
1103 1005 1360 1047 testimonia
1408 1005 1566 1047 eodem
1614 1006 1702 1048 tere

143 1075 345 1128 tempore
383 1076 530 1116 creata
571 1074 738 1117 docent
778 1074 976 1117 fabulam
1027 1074 1318 1129 Amphitrites
1362 1088 1569 1128 coronae,
1618 1078 1702 1119 iam

144 1147 246 1187 ante
279 1144 596 1199 Bacchylidem
631 1146 872 1201 cognitam,
903 1147 1030 1188 initio
1059 1147 1226 1189 saeculi
1257 1148 1398 1201 quinti
1428 1159 1527 1189 cum
1558 1148 1705 1202 poetis

143 1217 235 1258 tum
278 1216 525 1259 artificibus
567 1216 908 1259 dilectissimam
950 1217 1105 1260 fuisse.
1146 1217 1246 1269 Quo
1281 1219 1423 1273 magis
1456 1218 1704 1260 mirandum

145 1288 212 1329 est
239 1298 336 1330 eam
366 1299 446 1341 per
472 1288 654 1330 saecula
682 1289 918 1342 sequentia
941 1299 1126 1343 prorsus
1144 1289 1328 1331 latuisse
1349 1301 1494 1343 neque
1514 1301 1703 1343 usquam

145 1357 284 1400 ullum
311 1359 445 1401 huius
468 1359 605 1413 mythi
625 1360 864 1415 vestigium
884 1360 1066 1414 reperiri
1088 1371 1239 1414 posse.
1268 1359 1398 1414 Apud
1420 1360 1641 1415 Hyginum
1667 1360 1704 1412 ¹)

146 1429 325 1471 demum
361 1430 563 1485 resurgit.

205 1498 351 1542 Altum
381 1501 467 1543 hoc
496 1501 723 1543 silentium
754 1502 953 1544 omnium
984 1504 1214 1544 auctorum
1244 1504 1286 1544 et
1313 1502 1528 1544 artificum
1554 1504 1707 1556 poste-

147 1571 311 1613 riorum
346 1583 425 1626 per
457 1583 504 1614 se
539 1572 625 1614 iam
661 1573 771 1615 satis
806 1573 964 1615 mirum
996 1573 1118 1615 nullo
1148 1573 1284 1615 modo
1304 1573 1516 1627 explicari
1537 1575 1706 1626 posset,

146 1642 183 1684 si
213 1641 452 1697 Euripides
471 1655 669 1698 quoque,
689 1656 780 1698 quo
801 1656 933 1686 nemo
951 1645 1219 1699 tragicorum
1239 1644 1342 1699 plus
1361 1644 1480 1699 apud
1502 1645 1708 1698 posteros

147 1713 299 1764 valuit,
328 1713 493 1756 Thesei
524 1725 634 1757 suae
653 1718 962 1770 argumentum
984 1715 1059 1757 illa
1077 1715 1230 1758 fabula
1249 1716 1501 1758 ornavisset
1519 1726 1707 1768 eamque

148 1785 397 1839 posteritati
432 1786 790 1841 propagavisset.

206 1854 261 1898 At
292 1855 429 1898 multa
461 1856 548 1899 alia
581 1859 623 1899 et
655 1857 861 1912 graviora
895 1857 1088 1908 obstant,
1123 1857 1365 1909 quominus
1399 1856 1501 1898 huic
1529 1855 1708 1898 fabulae

147 1925 295 1969 locum
316 1927 359 1969 in
379 1927 574 1970 dramate
594 1928 912 1971 concedamus.
928 1927 1122 1970 Primum
1143 1928 1258 1970 enim
1280 1929 1493 1982 integram
1511 1926 1707 1969 fabulam

148 1997 348 2052 recipere
393 1999 527 2053 poeta
570 2011 658 2041 non
705 2000 861 2053 potuit.
906 1999 1017 2041 Nam
1053 1999 1174 2053 apud
1209 1998 1540 2052 Bacchylidem,
1575 2008 1707 2051 quem

147 2079 358 2111 vasorum
403 2069 601 2123 pictores
644 2071 784 2113 secuti
815 2073 932 2121 sunt,
969 2071 1061 2112 rixa
1094 2070 1260 2112 Thesei
1296 2081 1395 2111 cum
1429 2068 1596 2118 Minoe,
1631 2068 1707 2121 qui

149 2139 248 2193 ipse
292 2139 490 2183 Athenas
532 2143 716 2184 venerat
757 2142 813 2184 ad
863 2143 1049 2184 iuvenes
1083 2140 1318 2195 petend08‚
1354 2140 1396 2181 in
1432 2140 1586 2181 itinere
1620 2139 1709 2181 alto

150 2210 194 2252 in
223 2211 332 2253 mari
360 2212 506 2267 agitur
532 2215 574 2255 et
603 2214 732 2256 navis
760 2224 938 2256 cursum
967 2225 1097 2256 suum
1118 2213 1360 2261 continuat,
1380 2211 1485 2253 dum
1504 2209 1710 2251 Theseus

149 2281 193 2323 in
226 2281 368 2324 tundo
402 2284 614 2337 aequoris
647 2284 769 2339 apud
803 2287 972 2339 patrem
1006 2286 1048 2326 et
1076 2294 1313 2325 novercam
1342 2283 1554 2323 versatur.
1585 2279 1710 2321 Euri-

150 2351 282 2406 pides
315 2353 448 2408 igitur
480 2354 634 2408 utique
668 2366 849 2398 scenam
884 2353 1061 2399 Cretam
1094 2353 1328 2396 transferre
1362 2350 1568 2394 debebat.

209 2422 384 2474 Quodsi
427 2423 623 2476 iecisset,
667 2425 864 2468 fabulam
900 2437 988 2467 non
1023 2424 1167 2467 solum
1203 2424 1431 2473 mutasset,
1465 2421 1544 2463 sed
1579 2420 1710 2462 etiam

151 2494 455 2549 depravasset.
491 2495 678 2551 Fingere
718 2497 835 2539 enim
871 2496 1005 2538 nobis
1038 2506 1300 2550 cogeremur
1333 2494 1518 2535 iuvenes
1553 2502 1710 2533 navem

152 2564 239 2606 iam
285 2576 497 2620 egressos
540 2567 584 2609 in
628 2579 824 2618 scenam,
860 2567 886 2609 i.
916 2578 950 2609 e.
987 2567 1042 2608 ad
1076 2564 1314 2619 labyrinthi
1349 2564 1516 2606 aditum
1552 2561 1620 2604 vel
1656 2560 1710 2602 ad

196 2714 226 2753 1)
251 2713 334 2754 Hyg.
359 2713 446 2746 Astr.
471 2715 494 2746 ll
517 2715 545 2752 5,
569 2716 611 2747 cf.
635 2724 666 2756 p.
690 2715 740 2747 85.

1657 2814 1712 2855 77
