2174 3374
523 509 663 552 Etiam
698 510 818 564 apud
853 509 1099 565 Lycurgum
1133 508 1201 561 (fr.
1219 509 1294 562 67)
1324 510 1529 565 legimus,
1559 509 1881 564 Hyacinthides
1908 509 2024 553 filias

464 579 700 633 Hyacinthi
745 580 1088 622 Lacedaemonii
1134 591 1234 622 esse
1279 582 1321 622 et
1365 581 1420 622 ab
1464 580 1641 635 Hygino
1675 580 1742 631 (tr.
1776 580 1879 631 238)
1914 581 2026 622 inter

464 653 626 704 patres,
656 651 731 704 qui
760 651 876 693 filias
905 662 1012 693 suas
1042 651 1420 702 sacrificaverunt,
1446 655 1700 693 numeratur
1719 650 2024 704 „Hyacinthus

463 718 710 774 Spartanus
737 720 1003 764 Antheidem
1031 721 1167 763 tiliam
1199 733 1252 764 ex
1281 733 1503 776 responso
1528 733 1608 776 pro
1627 720 2024 764 Atheniensibus.’'

522 791 752 834 Diodorus
772 790 952 834 Siculus
986 804 1169 846 quoque
1214 792 1562 847 Hyacinthidum
1599 792 1872 835 mentionem
1906 791 2026 842 facit,

463 863 543 904 sed
578 874 727 905 earum
763 863 980 918 originem
1015 875 1104 905 non
1140 864 1286 915 addit;
1331 866 1550 906 oratorem
1596 863 1820 917 quendam
1856 862 2027 904 inducit

464 933 507 975 in
551 934 747 976 comitiis
790 934 1037 976 dicentem:
1095 935 1296 985 ,,δεῖν...
1329 936 1608 987 μιμήσασθαι
1651 938 1720 981 τὰς
1762 934 1856 974 Λεὼ
1899 936 2026 987 κόρας

462 1010 532 1044 καὶ
566 1009 636 1052 τὰς
669 1005 948 1055 Ὑακινθίδας,
992 1011 1064 1045 καὶ
1107 1010 1177 1045 τὸν
1208 1007 1402 1046 θάνατον
1443 1008 1643 1053 ἑκουσίως
1675 1002 1935 1056 ὑπομεῖναι”
1957 1037 1964 1045 .
1986 1036 1994 1045 .
2016 1037 2024 1046 .

462 1080 532 1115 καὶ
580 1079 652 1127 τὴν
699 1076 935 1128 ἀνανδρίαν
976 1082 1047 1115 καὶ
1088 1076 1256 1116 δειλίαν
1298 1076 1487 1124 ὠνείδιζε
1530 1081 1610 1116 τῶν
1650 1080 1709 1127 μὴ
1747 1076 2027 1127 βουλομένων

463 1149 567 1200 ὑπὲρ
599 1152 666 1198 τῆς
698 1147 862 1193 πόλεως
895 1148 1091 1186 τελευτᾶν
1123 1145 1276 1198 (Diod.
1311 1145 1397 1189 Sic.
1431 1145 1539 1188 XVII
1577 1146 1643 1196 15,
1676 1146 1734 1198 2).

523 1215 618 1257 Hoc
663 1216 795 1270 igitur
837 1216 949 1258 inter
991 1228 1149 1259 omnes
1193 1219 1370 1260 constat
1408 1216 1732 1271 Hyacinthides
1764 1215 1905 1258 tuisse
1938 1215 2026 1256 vir-

463 1286 606 1340 gines,
652 1297 767 1340 quae
813 1298 891 1341 pro
938 1288 1080 1341 patria
1124 1298 1148 1329 a
1192 1290 1316 1341 patre
1351 1288 1626 1330 sacrificatae
1660 1289 1763 1330 sunt
1795 1286 1864 1329 vel
1900 1286 2026 1340 ipsae

462 1359 624 1410 sponte
674 1358 860 1399 mortem
911 1357 1144 1410 obierunt;
1208 1359 1264 1400 ab
1314 1358 1415 1401 aliis
1463 1360 1611 1400 tamen
1661 1381 1715 1385 -—
1766 1358 1809 1399 in
1858 1356 2026 1411 quibus

462 1426 847 1482 Atthidographus
880 1431 1032 1471 noster
1064 1453 1119 1456 —
1154 1429 1402 1472 Erechtheo
1447 1431 1574 1472 natae
1611 1430 1651 1471 et
1684 1428 1739 1471 ab
1776 1428 2025 1482 Hyacintho

463 1500 627 1549 monte,
687 1510 778 1552 quo
827 1499 929 1541 loco
979 1502 1131 1542 essent
1180 1502 1411 1551 mactatae,
1471 1500 1795 1554 Hyacinthides
1841 1501 2025 1542 vocatae

463 1568 603 1611 tuisse
637 1570 882 1620 traduntur,
916 1570 971 1612 ab
1006 1570 1108 1613 aliis
1139 1571 1257 1613 tiliae
1291 1571 1530 1625 Hyacinthi
1561 1571 1921 1622 Lacedaemonii,
1950 1571 2026 1625 qui

461 1638 659 1682 Athenas
692 1640 989 1695 migravisset‚
1024 1642 1321 1685 nominantur.
1356 1641 1590 1685 Praeterea
1619 1644 1755 1693 erant,
1784 1642 1860 1696 qui
1881 1642 2027 1684 trade-

464 1713 559 1752 rent
593 1710 826 1754 Erechthei
861 1712 976 1755 tilias
1011 1715 1114 1767 post
1148 1715 1335 1756 mortem
1379 1725 1468 1755 non
1501 1713 1585 1755 sub
1621 1713 1801 1755 nomine
1836 1712 2027 1767 Hyacin-

463 1781 635 1823 thidum
670 1782 749 1824 sed
785 1782 991 1837 Hyadum
1025 1783 1169 1826 cultas
1202 1784 1356 1826 tuisse.
1394 1784 1522 1827 Unde
1556 1784 1667 1826 haec
1700 1783 1942 1826 varietas?-

523 1850 566 1895 Si
594 1853 650 1894 ad
677 1855 855 1908 tempus
884 1854 1049 1905 omnia,
1080 1866 1195 1908 quae
1220 1855 1391 1908 antiqui
1411 1855 1466 1897 de
1488 1854 1834 1909 Hyacinthidum
1855 1854 2026 1909 origine

463 1924 703 1966 commenti
749 1926 852 1966 sunt
896 1925 1034 1967 missa
1071 1925 1262 1968 facimus
1296 1927 1338 1967 et
1372 1925 1519 1979 ipsum
1555 1936 1718 1967 nomen
1754 1927 2026 1979 spectamus,

462 1996 649 2048 apparet
683 1997 783 2037 ante
817 1996 969 2038 omnia
1003 1996 1310 2050 quaerendum
1347 2008 1461 2047 esse,
1506 1996 1608 2050 quis
1642 1996 1920 2050 Hyacinthus
1953 1995 2026 2037 ille

461 2065 605 2115 tuerit,
640 2066 759 2108 unde
793 2066 991 2121 virgines
1026 2078 1190 2109 nomen
1225 2078 1355 2109 suum
1391 2067 1669 2109 deduxerint.

521 2134 807 2190 Quamquam
837 2137 972 2179 hodie
1002 2137 1237 2191 Hyacinthi
1269 2149 1431 2180 nomen
1451 2138 1650 2180 omnium
1670 2137 1846 2179 animos
1865 2139 2027 2191 sponte

463 2206 518 2247 ad
562 2205 929 2260 Peloponnesum
972 2208 1105 2250 trahit
1148 2210 1189 2250 et
1222 2208 1500 2262 Hyacinthus
1534 2207 1590 2251 ab
1623 2207 1820 2262 Amyclis
1853 2207 2025 2250 secerni

464 2288 552 2318 non
604 2278 689 2319 iam
740 2280 901 2332 potest,
952 2279 1085 2321 huius
1128 2279 1199 2321 dei
1243 2282 1389 2321 tamen
1434 2279 1707 2321 incunabula
1749 2279 1930 2320 minime
1964 2278 2024 2320 ibi

464 2348 707 2402 praecipue
742 2350 1001 2403 quaerenda
1036 2361 1135 2392 esse
1168 2350 1249 2392 viri
1284 2351 1403 2393 docti
1440 2347 1777 2401 Kretschmer¹)
1807 2351 1849 2392 et
1867 2348 1974 2391 Fick
1992 2346 2024 2399 2)

464 2429 640 2461 summo
697 2420 788 2462 iure
842 2421 1054 2463 statuisse
1108 2421 1329 2472 videntur,
1393 2421 1754 2464 demonstrantes
1816 2419 2024 2462 suffixum

463 2511 518 2515 —
541 2492 661 2538 ινθος
681 2490 813 2533 huius
833 2491 1029 2534 nominis
1044 2491 1231 2546 originis
1245 2491 1602 2546 praehellenicae
1622 2493 1787 2533 certum
1809 2490 2024 2532 indicium

465 2570 579 2602 esse.

509 2657 538 2696 1)
561 2657 760 2697 Einleitung
785 2658 818 2689 in
843 2659 899 2690 die
922 2657 1134 2691 Geschichte
1158 2660 1219 2691 der
1243 2658 1381 2691 Griech.
1405 2658 1560 2698 Sprache
1585 2666 1616 2699 p.
1639 2658 1709 2690 404.

504 2709 538 2748 2)
561 2709 759 2748 Vorgriech.
783 2710 994 2743 Ortsnamen
1020 2720 1051 2750 p.
1074 2712 1124 2749 58,
1151 2711 1217 2743 153.
1654 2737 1656 2739 f

464 2811 522 2853 30
