2174 3374
146 508 252 551 laris
299 508 650 561 conquisivisse‚
704 509 807 560 post
866 502 1114 555 Robertifl,
1168 501 1378 557 Bethii2),
1427 501 1706 558 Wagneri³)‚

146 579 335 621 aliorum
379 578 528 620 studia
572 580 738 620 certum
774 577 880 618 mihi
915 587 1015 618 esse
1048 575 1224 616 videtur
1257 575 1541 627 maximaque
1576 574 1707 628 igitur

147 650 353 692 cautione
387 660 504 703 opus
539 659 638 691 esse
674 648 717 689 in
752 647 1032 701 singulorum
1066 645 1255 687 fontium
1289 645 1401 687 fines
1421 644 1705 699 designando

148 720 374 762 neminem
409 719 526 762 latet.

205 789 339 840 Quod
388 792 535 832 autem
582 789 819 832 statuimus
861 788 1034 829 initium
1078 787 1133 829 de
1177 786 1398 840 Eumolpo
1443 786 1708 828 narrationis

147 859 433 914 Euripideam
490 861 744 902 versionem
805 859 1065 913 exprimere,
1126 857 1229 899 inde
1277 857 1457 898 minime
1507 856 1709 909 sequitur

147 931 382 985 sequentia
417 942 613 984 quoque,
649 941 921 984 quamquam
952 929 1073 982 apud
1101 926 1426 981 Apollodorum
1458 938 1558 968 cum
1579 937 1708 980 prae-

147 1002 414 1044 cedentibus
456 1004 546 1044 arte
590 1002 844 1051 cohaerent,
884 1011 938 1042 ex
971 999 1130 1041 eodem
1167 1000 1300 1052 poeta
1332 997 1535 1048 fluxisse;
1571 997 1707 1038 immo

148 1073 313 1123 omnia,
356 1084 471 1126 quae
515 1073 586 1114 hic
630 1072 685 1114 de
730 1071 974 1113 Eleusiniis
1018 1072 1251 1111 narrantur
1284 1080 1338 1110 ex
1371 1068 1551 1110 diverso
1585 1067 1707 1109 tonte

149 1144 308 1185 hausta
364 1153 465 1185 esse
524 1145 658 1197 atque
716 1141 986 1195 Eumolpum
1037 1139 1327 1193 Euripideum
1377 1138 1707 1180 Eleusiniorum

149 1214 323 1256 socium
358 1226 447 1255 non
481 1212 636 1265 fuisse,
671 1213 976 1254 demonstrare
1010 1222 1148 1264 posse
1182 1210 1288 1251 mihi
1322 1209 1491 1251 videor.

208 1283 335 1334 Nam,
384 1286 430 1325 ut
478 1284 565 1325 alia
612 1283 827 1331 omittam,
871 1282 941 1323 vel
986 1282 1071 1322 hoc
1115 1281 1272 1321 mirum
1319 1280 1460 1321 estin
1496 1279 1708 1320 dramatis

149 1354 410 1409 fragmentis
443 1355 552 1396 satis
591 1354 831 1396 luculentis
873 1352 1017 1395 belli
1064 1351 1230 1393 illius
1275 1350 1564 1392 Eleusinii
1611 1349 1710 1390 nul-

82 1438 86 1439 ’
150 1426 240 1468 lum
275 1437 514 1479 superesse
548 1425 802 1479 vestigium,
837 1434 1111 1477 quamquam
1151 1425 1323 1476 praeter
1356 1421 1440 1462 hoc
1475 1432 1710 1475 argumen-

151 1498 241 1538 tum
276 1507 330 1538 ex
363 1496 556 1545 silentio,
606 1495 787 1537 fortiora
825 1495 932 1535 mihi
968 1494 1162 1548 petenda
1195 1503 1294 1534 esse
1328 1491 1459 1533 facile
1493 1491 1710 1532 concedo.

211 1567 275 1608 Ex
293 1566 504 1608 omnibus
523 1566 796 1615 auctoribus,
831 1565 905 1618 qui
943 1564 1175 1606 Erechthei
1211 1563 1376 1604 bellum
1409 1562 1555 1604 fusius
1584 1572 1711 1602 enar*

152 1640 371 1688 taverunt,
420 1648 536 1679 unus
585 1637 812 1690 Lycurgus
862 1635 1120 1689 Euripidem
1166 1633 1429 1675 nominatim
1474 1633 1591 1681 citat,
1636 1631 1710 1685 qui

152 1709 217 1751 Sic
251 1709 409 1762 incipit
442 1708 496 1759 (C.
532 1708 730 1749 Leocrat.
764 1704 794 1759 ἓ
827 1704 930 1759 98);
966 1712 1068 1758 φασὶ
1104 1710 1183 1758 γὰρ
1210 1705 1447 1756 Εὔμολπον
1466 1707 1535 1742 τὸν
1552 1703 1712 1742 ΙῙοσει-

153 1780 284 1827 ὃῶνος
339 1785 410 1819 καὶ
467 1780 626 1831 Χιόνης
682 1782 787 1830 μετὰ
841 1777 1017 1831 Θρᾳκῶν
1064 1777 1213 1815 ἑλθξῖν
1262 1781 1330 1826 τῆς
1376 1777 1516 1827 χώρας
1567 1776 1713 1824 ταύτης

153 1852 514 1903 ἀμφισβητοῦντα,
580 1855 719 1901 τυχεῖν
781 1848 824 1887 δὲ
867 1850 959 1887 καῖ’
1002 1849 1186 1892 ἐκείνους
1231 1850 1324 1892 τοὺς
1365 1847 1546 1898 χρόνους
1592 1845 1713 1894 βασι-

152 1923 333 1961 λεύοντα
368 1917 573 1974 Ἐρεχθέα
607 1930 642 1960 e.
678 1930 720 1971 q.
755 1929 790 1959 S.

213 1989 375 2033 Orator
417 1990 549 2044 igitur
589 1988 848 2044 tragoediae
882 1988 1192 2042 argumentum
1226 1984 1420 2027 reddens
1453 1995 1541 2025 non
1577 1982 1713 2024 modo

154 2061 208 2103 de
252 2060 495 2103 Eleusiniis
526 2062 642 2102 tacet
676 2059 756 2101 sed
791 2059 922 2101 etiam
953 2057 1071 2099 haud
1107 2055 1317 2109 ambigue
1351 2054 1574 2096 diversam
1608 2052 1713 2094 belli

155 2142 337 2174 causam
372 2131 508 2173 affert.
553 2128 723 2184 Copias
768 2140 874 2171 suas
905 2127 1103 2169 Athenas
1137 2126 1259 2168 ducit
1292 2135 1367 2167 rex
1399 2124 1622 2166 Thracum
1657 2122 1714 2164 ad

155 2204 313 2245 terram
356 2201 545 2244 Atticam
590 2200 889 2255 subigendam
932 2208 1209 2253 regnumque
1253 2195 1593 2238 Atheniensium
1627 2193 1713 2235 sibi

155 2272 503 2323 vindicandum;
539 2271 751 2313 nemini
787 2272 871 2312 est
905 2269 1119 2317 socius,
1154 2278 1256 2309 suo
1291 2266 1467 2307 Marte
1502 2266 1713 2319 pugnat.

216 2342 598 2385 verisimillimum
645 2344 711 2383 est
753 2342 927 2394 praeter
970 2339 1216 2393 Lycurgum
1266 2339 1307 2378 et
1355 2335 1468 2377 alios
1518 2336 1716 2376 oratores

155 2412 327 2456 Atticos
375 2417 417 2456 et
463 2413 701 2456 Isocratem
751 2412 884 2453 huius
927 2409 1104 2452 fabulae
1148 2407 1487 2449 Atheniensium
1537 2405 1715 2447 laudem

199 2606 229 2645 l)
253 2605 304 2638 De
327 2604 534 2645 Apollodori
559 2603 774 2635 bibliotheca
800 2601 887 2633 1873.

197 2658 232 2698 2)
255 2657 490 2696 Quaestiones
513 2656 714 2688 Diodoreae
737 2653 1025 2694 mythographiae
1051 2652 1138 2683 1887.

199 2711 233 2750 3)
256 2710 417 2749 Epitoma
440 2709 604 2741 Vaticana
627 2716 667 2740 ex
691 2707 803 2746 Apoll.
827 2706 1039 2738 bibliotheca
1065 2704 1152 2735 1891.

1667 2802 1718 2844 15
