2174 3374
135 485 271 542 Aegei
300 498 464 530 nomen
493 489 681 543 eiusque
710 490 897 545 originis
924 489 1093 533 Atticae
1118 489 1391 532 macularum
1411 491 1689 532 externarum

138 569 275 612 purae
319 561 790 602 commemorationem
835 561 941 604 nihil
987 562 1106 615 apud
1140 560 1522 617 Atthidographos
1556 561 1691 603 hodie

138 631 292 681 exstat,
327 630 451 683 quod
485 630 528 672 in
564 630 790 685 Euripidis
822 633 1054 688 tragoedia
1087 633 1365 687 tangebatur.

195 699 350 743 Utrum
379 699 677 744 Philochorus
705 702 869 745 Thesei
899 706 1120 746 certamen
1145 715 1244 745 cum
1264 706 1388 745 tauro
1407 702 1690 744 Marathonio

137 772 180 814 in
223 771 413 815 Medeae
457 772 589 815 dolos
632 773 878 823 inseruerit,
923 786 978 816 an
1015 774 1270 829 Euripidem
1306 776 1488 817 secutus
1508 771 1542 826 ¹)
1576 774 1690 815 hanc

136 854 333 898 pugnam
379 845 482 898 post
523 843 712 886 Medeae
755 844 904 900 fugam
939 846 1165 896 locaverit,
1200 846 1385 888 dubium
1420 847 1499 894 est,
1534 856 1692 899 quam-

136 925 270 968 quam
313 913 578 957 Plutarchus
623 916 736 958 hanc
781 917 1114 970 expeditionem
1158 917 1345 959 Medeae
1390 916 1569 958 insidiis
1602 927 1691 958 non

135 985 336 1037 intexuit,
385 986 460 1040 qui
511 986 622 1028 haec
671 986 802 1028 tradit
849 984 970 1041 (cap.
1018 987 1110 1030 XIV
1159 985 1302 1041 init.):
1350 988 1396 1028 Ὁ
1443 988 1486 1027 δὲ
1535 987 1692 1040 Θησεὺς

133 1058 299 1111 ἐνεργὸς
339 1061 449 1097 εἶναι
485 1059 764 1109 βουλόμενος,
798 1061 890 1110 ἅμα
923 1058 967 1097 δὲ
998 1064 1068 1098 καὶ
1101 1059 1375 1111 δημαγωγῶν,
1409 1059 1591 1110 ἐξῆλθεν
1623 1060 1691 1096 ἐπὶ

134 1132 204 1168 τὸν
244 1128 545 1183 Μαραθώνιον
584 1133 739 1183 ταῦρον
782 1132 857 1169 οὐκ
895 1131 1020 1181 ὀλίγα
1052 1133 1278 1183 πράγματα
1310 1135 1393 1176 τοῖς
1425 1133 1587 1169 οἰκοῦσι
1619 1132 1691 1180 τὴν

136 1199 397 1253 Τετράπολιν
428 1202 681 1254 παρέχοντα·
716 1205 786 1239 καὶ
821 1203 1133 1254 χειρωσάμενος
1165 1198 1408 1248 ἐπεδείξατο
1441 1201 1592 1250 ζῶντα,
1621 1199 1691 1239 διὰ

133 1274 205 1310 τοῦ
236 1273 382 1318 ἄστεος
413 1271 572 1318 ἐλάσας
604 1274 692 1310 εἶτα
724 1275 777 1322 τῷ
809 1268 1044 1311 Ἀπόλλωνι
1078 1275 1130 1323 τῷ
1164 1271 1372 1323 Δελφινίῳ
1404 1271 1650 1311 κατέθυσεν.

192 1337 426 1394 Siquidem
461 1339 725 1383 Plutarchus
759 1340 930 1395 reliqua
963 1341 1096 1383 huius
1129 1341 1289 1395 capitis
1323 1342 1364 1382 et
1395 1340 1527 1381 finem
1562 1351 1690 1394 prae—

133 1411 335 1454 cedentis
379 1424 433 1454 ex
476 1410 747 1454 Philochoro
791 1412 938 1462 habet,
983 1412 1101 1453 haud
1143 1410 1442 1465 improbabile
1486 1412 1553 1453 est
1589 1421 1688 1452 eum

132 1483 219 1525 hoc
267 1483 429 1538 capitis
475 1482 568 1526 XlV
615 1483 788 1525 initium
838 1494 892 1525 ex
940 1483 1098 1525 eodem
1148 1482 1369 1532 hausisse,
1415 1493 1689 1536 quamquam

133 1554 324 1597 narratio
357 1555 414 1597 de
447 1553 795 1597 Pallantidarum
830 1554 950 1597 bello
983 1554 1118 1596 modo
1152 1565 1236 1597 nos
1268 1554 1434 1602 docuit,
1462 1553 1538 1595 tali
1567 1553 1611 1594 in
1645 1564 1688 1595 re

133 1637 340 1681 magnam
373 1626 627 1669 cautionem
661 1626 840 1680 requiri.

190 1696 312 1740 Haec
339 1697 396 1740 de
424 1696 589 1753 Aegeo.
634 1721 690 1726 ——
734 1691 1039 1740 Transeuntes
1087 1696 1142 1738 ad
1189 1696 1434 1738 secundam
1483 1695 1688 1750 trilogiae

131 1769 316 1823 partem,
355 1769 412 1811 ad
459 1768 701 1820 Theseum,
759 1768 1000 1811 Minotauri
1060 1768 1290 1810 historiam
1340 1767 1383 1808 in
1431 1765 1689 1809 Atthidibus

132 1851 315 1894 quoque
334 1851 594 1895 expressam
628 1840 887 1895 reperimus.
918 1838 1006 1882 Sed
1041 1840 1255 1893 quantum
1290 1839 1456 1880 mutata
1490 1837 1546 1879 ab
1581 1837 1687 1879 illa!

189 1911 223 1953 E
256 1911 438 1967 regione
481 1911 663 1954 sublimi
708 1913 750 1954 et
785 1911 994 1953 fabulosa
1026 1912 1255 1964 poetarum
1291 1908 1610 1951 descendimus
1644 1909 1688 1950 in

129 1982 342 2025 historiae
375 1985 532 2026 terram
566 1983 748 2038 planam
783 1986 824 2025 et
856 1982 1062 2025 solidam.

188 2054 483 2109 Labyrinthus
516 2067 606 2097 non
641 2055 727 2097 iam
762 2056 829 2097 est
862 2052 1183 2096 inextricabilis
1216 2063 1348 2101 error,
1378 2050 1497 2093 unde
1525 2051 1690 2101 negant

130 2125 273 2169 redire
317 2138 605 2181 quemquam,
651 2126 731 2169 sed
775 2136 927 2168 carcer
969 2125 1091 2165 οὐδὲν
1134 2126 1243 2177 ἔχων
1274 2126 1418 2173 κακὸν,
1452 2121 1553 2161 ἀλλ’
1587 2125 1611 2173 ἢ
1645 2125 1689 2161 τὸ

128 2202 188 2249 μὴ
221 2198 442 2251 διαφυγεῖν
473 2202 567 2246 τοὺς
599 2199 940 2251 φυλαττομένους
972 2192 1195 2248 (Philoch.
1229 2192 1278 2234 fr.
1311 2191 1402 2246 38).

186 2268 483 2320 Minotaurus,
532 2270 779 2311 monstrum
830 2266 938 2308 illud
986 2264 1259 2315 fabulosum,
1308 2266 1542 2315 σύμμικτον
1582 2262 1690 2310 εἶδος

127 2341 408 2393 κάποφώλιον
458 2342 627 2395 βρέφος,
676 2338 798 2393 quod
834 2336 1079 2379 ‘dicebatur
1125 2338 1280 2389 ταύρου
1326 2335 1561 2387 μεμεῖχθαι
1616 2338 1688 2373 καὶ

125 2411 280 2465 βροτοῦ
323 2411 454 2465 διπλῇ
495 2414 618 2464 φύσει
661 2410 771 2452 abiit
814 2409 856 2450 in
901 2407 1006 2449 belli
1051 2407 1226 2456 ducem,
1261 2404 1442 2446 nomine
1476 2403 1688 2453 Taurum,

125 2479 232 2523 feris
274 2485 316 2524 et
358 2481 482 2524 duris
526 2481 752 2523 hominem
796 2479 1010 2528 mOl‘ibUS‚
1050 2484 1132 2525 τοῖς
1173 2481 1295 2516 παισὶ
1338 2481 1418 2515 τῶν
1451 2474 1689 2527 Ἀθηναίων

126 2555 406 2607 ὑπερηφάνως
435 2558 507 2594 καὶ
538 2554 737 2606 χαλεπῶς
769 2552 1118 2605 προσφερόμενον
1152 2546 1282 2595 (Phil.
1317 2545 1366 2588 fr.
1400 2545 1488 2597 38).

170 2702 201 2742 l)
224 2711 252 2734 v.
278 2711 309 2743 p.
333 2702 374 2735 63
387 2711 463 2743 sqq.

1625 2799 1682 2841 99
