2174 3374
515 518 745 573 Siquidem
781 519 1011 562 Diodorus
1045 544 1098 547 —
1132 522 1178 562 ut
1211 520 1354 574 primo
1389 519 1545 561 obtutu
1580 520 1773 574 quisque
1805 520 1928 563 videt
1959 546 2015 551 —-

455 590 565 632 haec
614 591 668 632 ad
715 591 899 632 verbum
950 591 1038 633 fere
1090 591 1132 632 in
1183 591 1429 632 orationem
1482 590 1736 644 pedestrem
1786 592 2016 641 convertit,

456 660 636 702 minime
680 661 825 703 audax
868 664 934 703 est
977 662 1233 704 coniectura
1267 661 1439 703 initium
1475 661 1607 703 huius
1641 662 1802 716 capitis
1834 673 2016 716 quoque

455 741 509 771 ex
558 731 716 772 eodem
767 731 979 786 Euripide
1030 732 1228 774 fluxisse.
1275 730 1494 786 Suspicor
1537 743 1642 786 ergo
1697 732 1738 774 in
1784 732 2016 787 Hippolyti

455 800 595 843 Velati
646 801 835 857 prologo
885 803 1043 844 eodem
1094 803 1244 853 modo,
1289 814 1380 857 quo
1424 803 1560 844 hodie
1604 803 1724 857 apud
1767 802 2016 845 Diodorum

455 871 661 926 legimus,
695 873 910 915 rationem
946 873 1163 915 redditam
1198 885 1297 916 esse
1331 873 1496 915 Thesei
1533 873 1719 915 secundi
1750 874 2016 916 matrimonii

456 953 555 983 cum
590 941 806 993 Phaedra,
842 944 1003 997 prioris
1037 945 1246 999 coniugis
1280 955 1447 986 sorore.
1492 942 1636 994 Quam
1672 944 2017 998 explicationem

456 1016 588 1066 poeta
616 1014 659 1054 in
688 1012 954 1056 Coronifero
984 1016 1185 1057 omittere
1216 1015 1318 1057 ideo
1349 1015 1505 1069 potuit,
1536 1015 1641 1068 quia
1660 1015 1769 1058 haec
1788 1015 2018 1070 tragoedia

455 1083 657 1138 trilogiae
692 1087 860 1138 partem
898 1097 987 1127 non
1024 1086 1181 1128 effecit.

513 1153 646 1204 Quod
676 1157 823 1197 autem
853 1157 1006 1198 attinet
1034 1157 1088 1198 ad
1120 1157 1236 1198 duos
1265 1156 1368 1198 illos
1398 1168 1450 1198 ex
1480 1155 1670 1210 Polyido
1691 1155 2019 1211 Aristophanea

454 1235 625 1275 versus,
659 1223 890 1279 ‘nusquam
936 1229 1121 1281 apparet
1166 1227 1350 1268 omnino
1386 1227 1643 1281 Euripidem
1680 1227 1751 1269 hic
1787 1238 1810 1268 a
1843 1228 2019 1269 comico

456 1296 691 1350 perstringi
727 1308 873 1350 neque
907 1296 1038 1339 facile
1073 1298 1310 1348 diiudices‚
1346 1299 1513 1351 quanta
1546 1298 1817 1353 tragoediae,
1854 1300 2020 1352 quanta

456 1365 541 1419 ipsi
577 1367 753 1408 comico
787 1368 1024 1410 tribuenda
1058 1369 1159 1411 sint.
1196 1368 1281 1413 Res
1316 1369 1525 1411 incertior
1557 1370 1622 1411 est
1656 1380 1788 1422 quam
1819 1371 1864 1411 ut
1891 1369 2019 1423 quic-

457 1448 590 1489 quam
627 1438 816 1491 probare
852 1440 1009 1493 possit.

516 1506 723 1562 Denique
769 1509 1006 1563 Euripides
1051 1511 1149 1564 ipse
1184 1511 1268 1553 sibi
1305 1510 1555 1552 molestiam
1585 1511 1895 1566 gravissimam
1924 1522 2020 1553 cre-

456 1578 636 1628 avisset,
676 1580 711 1621 si
759 1579 985 1623 Theseum
1031 1593 1129 1623 cum
1167 1580 1370 1623 Phaedra
1403 1593 1540 1623 uxore
1575 1593 1628 1624 ex
1663 1579 1792 1624 Creta
1823 1581 2020 1624 Athenas

456 1651 746 1692 revertentem
780 1651 995 1694 finxisset.
1032 1651 1229 1703 Quando
1260 1641 1377 1694 enim
1406 1652 1612 1694 Theseus
1643 1652 1936 1707 Hippolytum
1967 1664 2020 1694 ex

455 1718 680 1762 Amazone
715 1722 926 1776 genuisse
962 1723 1226 1776 potuisset?
1258 1722 1370 1766 Ante
1405 1723 1738 1777 expeditionem
1760 1721 2018 1766 Cretensem

457 1790 560 1832 huic
604 1792 742 1833 amori
788 1792 830 1833 in
875 1793 1051 1848 trilogia
1095 1793 1245 1836 nullus
1290 1796 1381 1836 erat
1425 1794 1575 1844 locus;
1620 1794 1711 1836 fieri
1756 1794 1888 1848 igitur
1930 1805 2019 1835 non

458 1861 614 1914 potuit,
649 1863 757 1915 quin
793 1863 912 1916 apud
949 1863 1206 1918 Euripidem
1243 1876 1426 1918 quoque
1460 1889 1515 1891 —
1559 1865 1675 1907 sicut
1706 1865 1827 1919 apud
1862 1875 2020 1906 omnes

457 1934 662 1975 auctores
705 1934 897 1976 seriores
941 1958 997 1961 *w
1039 1935 1259 1986 Theseus,
1301 1938 1612 1990 postquam
1646 1935 1843 1978 Athenas
1877 1935 2020 1986 rediit,

456 2002 727 2045 Amazonem
773 2006 967 2058 rapuerit
1010 2007 1051 2047 et
1089 2006 1318 2061 gravidam
1353 2006 1520 2049 fecerit.
1555 2004 1598 2049 Si
1634 2008 1780 2049 autem
1814 2006 2020 2049 Theseus

457 2085 556 2115 curn
588 2073 791 2116 Phaedra
822 2076 1042 2127 rediisset,
1067 2088 1251 2119 uxorem
1272 2077 1516 2132 legitimam
1537 2077 1774 2132 decepisse
1794 2077 2020 2132 putandus

458 2146 589 2187 esset.
629 2143 815 2187 Accedit
858 2147 980 2199 quod
1026 2146 1241 2198 Phaedra,
1276 2148 1311 2190 si
1348 2147 1621 2202 Hippolytus
1654 2149 1758 2202 post
1789 2148 1886 2190 eius
1919 2159 2018 2190 cum

458 2213 638 2256 Theseo
682 2216 926 2258 conubium
972 2217 1151 2260 demum
1197 2220 1326 2260 natus
1371 2220 1502 2268 esset,
1538 2218 1790 2273 privignum
1825 2220 2018 2260 amatum

458 2287 599 2327 aetate
634 2286 767 2328 nimis
801 2289 1108 2341 superavisset
1143 2290 1183 2330 et
1218 2291 1351 2343 poeta
1385 2288 1724 2344 chronologiam
1759 2299 1841 2331 sua
1859 2291 2020 2343 sponte

459 2357 777 2409 perturbasset.
807 2357 1091 2412 Quamquam
1121 2359 1444 2414 chronologiae
1464 2359 1694 2414 neglectae
1714 2359 1851 2402 multa
1870 2371 2021 2402 exem-

458 2565 516 2603 qui
541 2572 603 2597 esu
628 2566 784 2598 carnium
808 2566 983 2599 abstineat
1007 2569 1038 2599 et
1058 2567 1225 2600 librorum
1251 2568 1398 2605 „turnis”
1423 2568 1573 2606 incubet,
1597 2568 1656 2608 qui
1680 2569 1789 2600 totum
1812 2568 2020 2600 feminarum

458 2626 570 2657 genus
604 2618 724 2655 oderit,
759 2618 1049 2659 Orpheotelesten
1084 2621 1137 2652 vel
1173 2622 1290 2660 potius
1325 2621 1471 2653 nimium
1497 2621 1626 2661 Orphei
1651 2622 1856 2654 sectatorem
1881 2629 2020 2661 carpere

457 2671 623 2703 voluisse.
649 2671 752 2709 Quod
778 2672 959 2704 hominum
984 2674 1210 2705 tumidiorum
1235 2676 1266 2706 et
1289 2674 1520 2706 fanaticorum
1546 2682 1657 2714 genus
1682 2675 1830 2714 poetain
1846 2675 2020 2706 iuventute

459 2724 601 2762 sac-pius
626 2724 782 2763 attigisse
807 2725 951 2762 videtur,
976 2727 1107 2766 quippe
1131 2727 1189 2765 qui
1215 2726 1321 2767 Phlya
1347 2729 1416 2759 erat
1439 2729 1546 2759 ortus.

459 2826 515 2867 82
