2174 3374
154 505 369 549 Eleusinii
413 505 457 547 in
502 504 673 546 theatro
718 504 942 546 adessent.
1003 502 1183 554 Quanto
1242 501 1410 557 gratius
1468 503 1613 543 autem
1658 501 1712 543 iis

95 576 103 635 3?
155 576 400 632 praebebat
432 574 741 630 spectaculum
775 574 999 617 Thracum
1033 574 1211 625 caedes,
1245 585 1434 627 quorum
1454 571 1713 615 infidelitate

95 638 101 671 ἕ
154 659 297 703 nuper
331 645 548 691 Cleonem
582 657 712 689 suurn
746 645 1014 688 amiserant!
1219 644 1221 646 ’

215 789 439 833 Dramatis
487 789 723 844 proposito
772 788 968 843 generali
1013 788 1230 830 illustrato
1274 789 1407 830 restat
1455 789 1500 828 ut
1532 786 1587 828 de
1621 786 1714 827 sin-

155 861 274 916 gulis
307 860 501 903 breviter
538 871 740 915 agamus.

216 921 347 974 Haud
379 931 516 974 dubie
548 930 599 973 fr.
632 930 746 973 349:

511 1003 752 1042 Αἰθιοπίαν
783 1017 852 1041 νιν
884 1000 1051 1050 ἐξέσωσ’
1086 1003 1154 1041 ἐπὶ
1186 1002 1331 1053 χθόνα

156 1079 213 1122 ad
261 1079 498 1134 prologum
540 1081 607 1122 est
660 1078 955 1128 referendum,
1001 1088 1133 1131 quern
1178 1077 1415 1131 Neptunus
1456 1074 1716 1129 suscepisse

156 1150 343 1193 videtur.
390 1148 611 1193 Codicum
658 1150 775 1192 enim
821 1148 1058 1191 lectionem
1105 1151 1312 1198 ἑξέσωσας
1355 1147 1440 1189 iam
1476 1143 1716 1195 Lobeck¹)

157 1222 361 1273 correxit,
403 1221 564 1263 trustra
603 1222 743 1263 metro
787 1220 927 1262 invito
971 1231 995 1261 a
1036 1216 1323 1270 Welckero2)
1360 1217 1606 1267 defensam,
1640 1216 1716 1269 qui

157 1292 396 1347 prologum
439 1291 689 1335 Erechtheo
733 1290 898 1333 tribuit.
946 1289 1000 1332 At
1033 1290 1216 1331 minime
1251 1289 1602 1330 consentaneum
1638 1288 1718 1336 est,

157 1362 454 1406 Erechtheum
497 1363 606 1405 haec
641 1362 792 1404 omnia
829 1362 884 1404 de
918 1360 1176 1403 adversario
1215 1370 1299 1402 suo
1333 1361 1374 1401 et
1406 1358 1596 1400 barbaro
1629 1359 1717 1399 tam

158 1436 362 1477 accurate
411 1435 642 1488 comperta
690 1432 867 1475 habere.
922 1431 1079 1486 Neque
1126 1430 1257 1473 facile
1307 1430 1441 1472 alium
1491 1428 1717 1483 quendam

158 1505 500 1559 excogitaveris,
544 1504 619 1558 qui
665 1505 767 1558 apte
811 1502 1019 1556 Eumolpi
1055 1502 1255 1556 orginem
1290 1503 1331 1543 et
1362 1500 1451 1542 fata
1484 1500 1719 1549 enarraret,

158 1576 244 1618 nisi
278 1576 376 1630 ipse
410 1577 547 1630 pater.
567 1572 602 1628 3)

217 1645 402 1689 Accedit
435 1645 557 1700 quod
592 1656 646 1687 eo
681 1645 817 1687 modo
853 1643 1151 1698 pulcherrime
1186 1642 1400 1685 dramatis
1434 1641 1559 1683 initio
1599 1640 1721 1694 Nep-

158 1719 294 1760 tunus
339 1716 417 1759 filii
466 1718 508 1759 et
551 1715 901 1770 propugnatoris
944 1715 1011 1757 sui
1056 1714 1295 1756 adventum
1331 1712 1516 1762 nuntiat,
1549 1710 1722 1753 Athena

159 1789 306 1831 autem
349 1788 506 1830 victrix
550 1787 593 1829 in
626 1787 713 1829 tine
747 1788 935 1840 apparet
968 1785 1024 1827 ad
1059 1785 1226 1827 alumni
1261 1784 1329 1827 sui
1366 1785 1407 1826 et
1440 1785 1579 1826 terrae
1613 1793 1721 1824 suae

159 1859 354 1902 vindicis
388 1859 585 1900 honores
618 1858 800 1900 divinos
835 1856 1151 1899 instituendos.

219 1928 264 1971 ln
299 1927 565 1972 Phoenissis
597 1925 705 1982 (854
737 1924 860 1982 sqq.)
904 1927 1102 1969 Tiresias
1140 1925 1353 1981 gloriatur
1383 1923 1722 1966 Atheniensium

158 2000 394 2043 victoriam
444 1999 530 2042 sibi
572 1999 741 2049 deberi,
790 2010 815 2041 a
863 2009 952 2052 qua
998 1998 1207 2040 versione
1255 1998 1433 2051 poetam
1483 1996 1526 2036 in
1570 1997 1722 2037 nostro

162 2071 360 2114 dramate
404 2070 650 2113 recessisse
691 2071 876 2112 testatur
909 2068 1151 2123 Lycurgus,
1199 2068 1274 2121 qui
1310 2078 1458 2122 regem
1493 2065 1722 2108 oraculum

162 2141 448 2198 Delphicumv
469 2141 756 2184 consuluisse
791 2142 958 2192 narrat,
1008 2139 1131 2193 quod
1166 2139 1351 2192 insuper
1385 2137 1669 2179 confirmatur
1700 2147 1725 2178 a

163 2213 419 2264 Demarato,
467 2213 544 2267 qui
593 2212 712 2255 haud
757 2211 969 2266 ambigue
1012 2209 1273 2264 Euripidem
1323 2208 1572 2262 respiciens
1614 2207 1724 2248 haec

163 2285 299 2327 habet
330 2284 544 2339 (Tragod.
578 2283 628 2327 fr.
661 2281 733 2336 4):
768 2282 1016 2335 Ἀθηναίων
1046 2285 1150 2335 πρὸς,
1181 2281 1419 2332 Εὔμολπον
1451 2282 1521 2318 τὸν
1550 2277 1726 2332 Θρᾳκῶν

162 2357 350 2408 βασιλέα
367 2352 401 2407 4)
444 2356 638 2407 πόλεμον
669 2356 853 2407 ἐχόντων
891 2351 1123 2407 Ἐρεχθεὺς
1156 2354 1177 2390 ὁ
1210 2356 1277 2402 τῆς
1310 2348 1492 2401 Ἀττικῆς
1523 2350 1725 2403 προιστά-

208 2493 238 2533 l)
260 2493 336 2533 Agl.
359 2501 392 2533 p.
412 2492 484 2525 216.

204 2546 238 2586 2)
261 2545 399 2579 Griech.
421 2545 524 2586 Trag.
548 2553 580 2585 p.
602 2544 673 2577 717.

184 2617 187 2621 »
205 2599 239 2639 3)
261 2608 292 2632 v.
315 2598 451 2631 Wilam.
470 2598 558 2638 (Aus
582 2598 726 2639 Kydatli.
746 2606 778 2637 p.
805 2597 857 2629 141
881 2596 976 2636 A63)
994 2602 1137 2635 quoque
1156 2593 1320 2634 Neptuno
1341 2592 1525 2633 prologum
1539 2591 1727 2624 adiudicat.

205 2652 239 2692 4)
261 2652 462 2685 Notandum
483 2653 535 2684 est
557 2651 783 2684 Demaratum
809 2657 952 2689 quoque
977 2648 1155 2687 Euripidis
1179 2647 1377 2686 exemplum
1402 2647 1563 2678 secutum
1583 2645 1726 2678 Eumol-

166 2713 249 2745 pum
271 2705 425 2737 Thrac
440 2712 507 2737 um
531 2712 648 2744 regem
671 2704 848 2744 appellare
872 2704 904 2735 et
927 2703 970 2734 de
995 2701 1185 2734 Eleusiniis
1208 2700 1321 2732 silere.

1675 2801 1726 2842 19
