2174 3374
155 532 236 581 μὲν
269 532 338 569 τὸν
370 530 415 568 ἐκ
442 533 509 580 τῆς
536 526 809 579 Ἀμαζονίδος
836 532 1064 581 γενόμενον
1090 535 1184 571 υἱὸν
1211 534 1400 585 ἔπεμψεν
1428 538 1484 581 εἰς
1506 535 1714 588 Τροιζῆνα

157 600 386 653 τρέφεσθαι
419 603 537 653 παρὰ
569 605 651 647 τοῖς
683 599 849 653 Αἴθρας
882 600 1097 653 ἀδελφοῖς,
1126 605 1170 642 ἐκ
1199 602 1241 642 δὲ
1269 604 1453 658 Φαίδρας
1478 603 1714 656 Ἀκάμαντα

155 674 226 710 καὶ
255 667 528 723 Δημοφῶντα
549 671 756 722 ἐγέννησε.
776 674 929 724 μικρὸν
947 669 981 710 δ’
1001 674 1169 726 ὕστερον
1194 673 1457 715 Ἰππολύτ
1473 691 1532 716 ου
1560 678 1661 715 ἐπα
1674 691 1713 715 ν-

157 741 428 788 ελθόντος
454 743 530 788 εἰς
557 743 646 788 τὰς
676 738 915 792 Ἀθήνας
952 746 1086 796 πρὸς
1109 748 1166 783 τὰ
1187 746 1715 799 μυστήρια,([)αίδρα

157 810 247 852 διὰ
279 814 332 851 τό
363 812 572 859 κάλλος
604 812 921 865 ἐρασθεῖσα
954 815 1122 853 αὐτοῦ
1155 817 1271 854 τότε
1301 819 1401 866 μὲν
1438 817 1716 856 (ἐπελθόν-

156 898 242 930 τος
282 885 359 930 εἰς
403 882 684 936 Τροιζῆνα
727 881 995 936 ἱδρύσατο
1029 887 1182 938 ἱερὸν
1216 884 1538 939 Ἀφροδίτης
1570 892 1716 940 παρὰ

157 957 249 1005 τὴν
305 945 632 1007 ἀκρόπολιν,
681 954 815 993 ὅθεν
869 957 930 1005 ἦν
984 956 1239 1008 καθορᾶν
1286 960 1376 1007 τὴν
1428 957 1716 1010 Τροιζῆνα,

156 1026 329 1078 ὕστερον
361 1022 405 1063 δὲ
436 1027 554 1077 παρὰ
587 1027 640 1076 τῷ
671 1023 831 1064 Πιτθεῖ
860 1028 966 1076 μετὰ
999 1030 1070 1065 τοῦ
1100 1024 1266 1078 Θησέως
1293 1027 1572 1067 καταλύσασα
1600 1031 1718 1079 ἠξίου

155 1097 227 1134 τὸν
259 1094 517 1134 Ἱππόλυτον
547 1100 724 1147 μιγῆναι
759 1097 863 1148 αὐτῇ
896 1105 932 1136 e.
963 1106 1006 1148 q.
1037 1106 1072 1137 S.

218 1163 467 1207 Diodorum
496 1164 587 1207 ·hic
632 1163 891 1219 Euripidem
936 1166 1234 1220 exscripsisse
1265 1167 1438 1220 liquido
1471 1168 1718 1222 apparebit,

157 1235 194 1278 si
227 1235 365 1278 verba
398 1235 554 1278 litteris
588 1236 780 1278 cursivis
816 1247 1031 1290 expressa
1070 1236 1278 1280 conferas
1314 1249 1413 1280 cum
1450 1238 1573 1281 hisce
1608 1239 1718 1294 Hip-

158 1305 297 1361 polyti
331 1304 582 1350 Coroniferi
616 1306 824 1350 versibus
858 1307 935 1359 (24
952 1306 1105 1362 sqq.):

335 1379 580 1419 ἐλθόντα
612 1381 712 1433 γάρ
743 1395 831 1419 νιν
863 1379 1121 1427 Πιτθέως
1153 1378 1262 1420 ποτ’
1298 1382 1352 1420 ἐκ
1385 1380 1566 1432 δόμων

336 1454 549 1501 σεμνῶν
581 1451 631 1497 ές
663 1452 797 1500 ὄψιν
828 1455 921 1490 καὶ
955 1451 1083 1503 τέλη
1115 1455 1433 1505 μυστηρίων

334 1519 656 1568 Πανδίονος
687 1526 784 1573 γῆν
815 1524 1022 1575 πατρὸς
1056 1524 1283 1573 εὐγενὴς
1316 1521 1495 1575 δάμαρ

336 1590 534 1631 ἰδοῦσα
567 1591 782 1646 Φαίδρα
814 1591 1058 1646 καρδίαν
1091 1594 1391 1645 κατέσχετο

335 1662 493 1716 ἔρωτι
526 1661 687 1715 δεινῷ
720 1668 803 1711 τοῖς
835 1665 952 1715 ε’μοῖς
983 1664 1252 1715 βουλεύμασι

334 1738 405 1773 καὶ
437 1738 538 1788 πρὶν
567 1736 648 1785 μὲν
680 1734 830 1774 ἐλθεῖν
862 1733 981 1786 τήνδε
1015 1739 1090 1786 γῆν
1128 1734 1395 1788 Τροιζηνίαν,

217 1803 275 1845 30
335 1805 540 1859 πέτραν
571 1803 693 1859 παρ’
727 1807 897 1857 αὐτὴν
929 1805 1241 1853 Παλλάδος
1273 1808 1552 1854 κατόψιον

335 1879 426 1928 γῆς
457 1875 617 1928 τῆσδε
648 1879 786 1916 ναὸν
819 1875 1106 1930 Κύπριδος
1138 1877 1529 1927 ε’γκαθείσατο,

335 1943 456 2000 ἐρῶσ’
489 1944 605 2000 ἔρωτ’
639 1946 835 2000 ἔκδημον·
873 1947 1115 1998 Ἱππολύτῳ
1149 1945 1256 1986 δ’ἔπι

336 2020 381 2056 τὸ
412 2017 568 2057 λοιπὸν
601 2018 831 2070 ὠνόμαζον
863 2017 1066 2071 ἱδρῦσθαι
1102 2019 1220 2057 θεάν.
1244 2014 1275 2067 ¹)

201 2166 231 2206 1)
254 2166 354 2199 Hunc
387 2166 524 2207 prologi
558 2167 676 2200 iocum
709 2167 771 2199 viri
808 2167 901 2199 docti
937 2166 1125 2199 sollicitare
1160 2167 1253 2198 varie
1285 2165 1401 2198 conati
1433 2168 1521 2203 sunt,
1546 2167 1604 2198 alii
1628 2168 1717 2199 aiios

159 2227 282 2253 versus
317 2220 425 2253 obelo
454 2221 636 2259 notantes;
667 2220 718 2253 sic
749 2220 906 2260 Hartung
935 2220 994 2260 (de
1026 2219 1185 2259 interpoi.
1209 2227 1241 2259 p.
1265 2218 1319 2258 36)
1349 2220 1380 2251 et
1398 2219 1485 2260 Jahn
1509 2218 1670 2258 (Hermes
1694 2219 1716 2251 ΙΙ

159 2281 191 2313 p.
213 2272 288 2313 249)
318 2274 460 2313 spurios
483 2274 615 2306 ducunt
643 2274 800 2313 quinque
823 2281 948 2306 versus
970 2272 1132 2313 (29—33),
1156 2271 1340 2304 Blomtield
1364 2271 1557 2311 (Quarteriy
1580 2272 1716 2306 Review

158 2326 226 2358 vni
255 2335 288 2366 p.
309 2326 386 2367 219)
414 2328 447 2359 et
475 2325 576 2359 Gloel
611 2327 670 2366 (de
704 2327 864 2367 interpoi.
899 2327 1001 2366 Hipp.
1035 2326 1103 2358 fab.
1138 2325 1216 2357 Eur.
1250 2333 1283 2364 p.
1305 2325 1346 2356 56
1365 2325 1458 2364 sqq.)
1491 2326 1717 2357 exterminant

159 2387 189 2412 v.
211 2378 253 2411 32
275 2380 307 2411 et
328 2378 378 2411 33.
411 2379 539 2412 Totam
564 2380 654 2412 hanc
677 2379 922 2420 quaestionem
947 2387 1039 2411 nunc
1065 2379 1243 2410 retractare
1268 2378 1361 2415 nolo,
1385 2385 1463 2409 cum
1486 2377 1718 2409 Wilainowitz

158 2431 252 2472 (Eur.
276 2431 379 2472 Hipp.
401 2440 434 2472 p.
460 2432 594 2473 187sq.)
613 2433 680 2464 hos
710 2439 835 2464 versus
859 2433 944 2464 satis
968 2438 1144 2471 superque
1167 2431 1273 2462 tuitus
1293 2430 1346 2467 sit,
1369 2437 1583 2470 quamquam
1597 2430 1718 2462 nescio

159 2492 203 2517 an
245 2492 315 2517 non
356 2484 507 2518 sufficiat
547 2485 696 2523 medela,
736 2492 842 2524 quam
884 2485 1018 2524 primus
1059 2483 1168 2515 attulit
1206 2482 1376 2519 Meineke,
1417 2490 1480 2523 pro
1520 2483 1718 2528 ὠνόμαζεν

159 2537 378 2569 substituens
391 2538 604 2583 ὠνόμαζον.
621 2537 749 2569 Durior
772 2537 865 2569 enirn
890 2538 1005 2569 manet
1028 2535 1241 2567 constructio
1265 2537 1297 2567 et
1320 2535 1460 2575 gravius
1482 2535 1601 2567 vitium
1615 2536 1718 2567 latere

159 2589 303 2622 videtur.
337 2588 419 2622 Utut
451 2591 514 2628 est,
543 2591 636 2623 totus
660 2590 716 2622 hic
740 2589 840 2622 iocus
864 2588 908 2620 de
932 2588 1056 2620 iuvene
1078 2587 1123 2619 ad
1147 2587 1308 2627 mysteria
1332 2587 1541 2619 celebranda
1563 2587 1718 2619 Athenas

159 2642 317 2682 protecto
349 2644 381 2675 et
413 2642 457 2675 de
487 2642 646 2675 Phaedra
670 2643 738 2674 iarn
762 2643 843 2674 tunc
867 2648 984 2673 amore
1008 2641 1108 2679 capta
1135 2641 1166 2671 et
1190 2639 1333 2672 Veneris
1355 2639 1522 2678 templum
1545 2640 1718 2672 condente

160 2695 304 2728 minime
327 2695 482 2735 Euripidi
506 2695 768 2728 abiudicandus
791 2696 853 2730 est,
878 2694 940 2726 sed
954 2701 1046 2726 unus
1060 2695 1165 2725 estex
1180 2692 1510 2732 iislocis‚equibus
1524 2692 1716 2724 Kalkmann

158 2748 218 2787 (de
252 2749 391 2789 Hippot.
426 2749 504 2781 Eur.
534 2749 763 2788 quaestiones
794 2755 907 2779 novae
938 2755 969 2786 p.
992 2747 1026 2786 6)
1056 2747 1126 2778 iure
1158 2745 1268 2778 effecit
1297 2746 1435 2785 poetam
1460 2746 1493 2777 in
1518 2754 1560 2778 eo
1584 2747 1717 2783 iuvene,

1660 2832 1710 2873 81

1576 2916 1595 2947 6
