2174 3374
158 518 256 562 eius
288 530 378 561 non
411 519 497 561 iam
531 519 575 560 in
609 516 727 561 Orco
760 518 841 560 sed
870 518 913 560 in
941 519 1055 560 terra
1084 519 1250 572 regnat,
1269 516 1539 571 Proserpina
1559 516 1713 571 regina

158 590 378 633 terrestris
425 591 504 641 est,
548 589 753 632 Theseus
796 589 840 630 in
885 600 1029 643 opaca
1074 588 1256 630 Tartara
1298 589 1427 631 vivus
1470 598 1712 641 numquam

159 660 405 711 descendit,
454 660 534 703 sed
584 662 765 714 propter
812 660 1081 713 insperatam
1126 671 1180 701 ex
1223 659 1468 701 imminenti
1513 657 1713 712 periculo

160 732 348 775 salutem
382 743 435 774 ex
468 730 587 774 Orco
621 731 810 773 rediisse
844 731 1017 773 dicitur.

219 801 522 857 Praepropere
566 803 668 844 hinc
712 801 991 844 concluseris
1035 800 1352 843 Philochorum
1392 802 1433 843 et
1465 799 1715 842 Demonem

160 875 203 916 et
242 873 563 916 Androtionem
608 874 717 915 haec
761 873 912 914 omnia
949 873 1076 926 ipsos
1109 871 1437 926 excogitavisse
1471 873 1513 913 et
1545 870 1600 913 de
1633 881 1715 912 suo

160 945 360 999 ipsorum
396 944 577 999 ingenio
612 944 782 997 integra
815 943 1111 997 prompsisse,
1145 943 1280 984 immo
1314 953 1393 984 eos
1426 953 1563 995 saepe
1597 941 1718 983 eius-

159 1015 280 1057 modi
309 1015 519 1069 argutias,
549 1025 663 1068 quas
691 1014 897 1068 superior
925 1015 1046 1056 aetas
1076 1014 1161 1055 iam
1181 1015 1463 1063 concoxerat‚
1482 1012 1719 1067 diligenter

160 1086 424 1141 indagantes
473 1086 729 1140 collegisse,
778 1085 1106 1139 composuisse,
1156 1084 1456 1138 amplificasse
1504 1083 1718 1126 credibile

160 1159 240 1199 est.
275 1156 658 1199 Euhemerismum
693 1156 817 1198 illum
853 1167 1096 1210 numquam
1126 1156 1269 1210 magis
1297 1167 1430 1209 quam
1460 1153 1718 1197 Philochori

160 1229 441 1283 temporibus
482 1228 679 1270 valuisse
724 1239 859 1282 supra
892 1227 1073 1282 quidem
1107 1227 1317 1277 vidimus,
1338 1224 1368 1278 1)
1403 1227 1482 1269 sed
1517 1228 1559 1268 et
1591 1227 1720 1268 antea

160 1311 261 1342 eum
294 1300 494 1355 viguisse
527 1310 796 1353 semperque
832 1299 1063 1340 hominum
1098 1298 1274 1340 animos
1307 1297 1551 1340 inclinasse
1575 1296 1631 1339 ad
1649 1308 1720 1339 res

161 1371 371 1414 mirificas
414 1371 457 1413 in
501 1370 763 1426 regionibus
804 1369 1028 1412 fabulosis
1070 1371 1193 1411 actas
1226 1369 1269 1410 in
1301 1368 1468 1411 formas
1501 1369 1720 1411 humanas

160 1442 459 1497 vulgaresque
487 1441 756 1496 redigendas
780 1443 912 1494 atque
932 1441 975 1482 in
995 1441 1152 1482 terram
1174 1441 1369 1482 nostram
1389 1439 1721 1482 transferendas

161 1525 250 1556 non
285 1515 352 1556 est
385 1513 508 1567 quod
542 1513 763 1555 miremur.
803 1510 944 1555 Cuius
977 1511 1278 1566 pragmaticae
1313 1510 1499 1552 rationis
1531 1511 1721 1566 vestigia

162 1584 206 1625 in
248 1585 437 1625 aetatem
481 1583 590 1625 satis
632 1584 860 1634 remotam,
901 1582 1009 1636 quin
1044 1582 1175 1624 etiarn
1209 1592 1353 1635 usque
1388 1581 1442 1623 ad
1478 1580 1718 1623 Homerum

161 1655 373 1710 persequi
407 1665 666 1709 possumus.

221 1726 430 1781 Legimus
463 1725 580 1768 enim
614 1741 639 1766 σ
665 1725 723 1768 84
740 1736 842 1779 sqq.
866 1725 976 1767 haec
1005 1723 1154 1774 verba,
1181 1724 1349 1778 quibus
1366 1722 1588 1766 Antinous
1606 1723 1718 1766 lrum

162 1797 377 1852 pavidum
412 1798 639 1851 increpat:

251 1870 422 1922 Πέμψω
456 1868 807 1922 σ’ἤπειρόνόε
837 1869 989 1918 βαλὼν
1021 1869 1066 1906 ἐν
1097 1872 1165 1919 νηὶ
1196 1867 1380 1920 μελαίνῃ

250 1944 308 1989 εἰς
338 1941 566 1994 ”Εχετον
597 1940 860 1992 βασιλῆα,
893 1941 1105 1993 βροτῶν
1137 1938 1428 1990 δηλήμονα
1459 1939 1688 1988 πάντων,

251 2015 296 2060 ὅς
325 2010 463 2052 κ’ἅπὸ
496 2015 593 2065 ῥῖνα
625 2014 779 2064 τάμῃσι
811 2015 883 2050 καὶ
916 2012 1049 2049 οὔατα
1080 2009 1200 2061 νηλέι
1232 2009 1380 2061 χαλκῷ

249 2083 385 2134 μήδεά
418 2081 698 2136 τ’ἐκῙερύσας
730 2081 815 2135 δώῃ
847 2086 1008 2120 κυσὶν
1040 2083 1136 2131 ὠμὰ
1168 2079 1401 2118 δάσασθαι.

222 2152 336 2204 Quis
378 2153 436 2195 sit
477 2152 551 2194 ille
585 2152 706 2207 Epiri
741 2163 829 2203 rex,
875 2150 1126 2192 Echetus
1163 2149 1250 2197 ille,
1288 2149 1363 2202 qui
1399 2148 1718 2202 quodcumque

163 2224 300 2266 semel
330 2225 505 2278 accepit
534 2235 622 2265 non
652 2224 738 2265 iam
769 2222 960 2271 remittit,
989 2221 1065 2275 qui
1100 2219 1347 2262 canibus
1381 2219 1588 2261 homines
1617 2219 1719 2261 navi

163 2297 256 2337 atra
303 2295 358 2337 ad
407 2306 455 2337 se
503 2294 724 2337 adductos
771 2293 924 2343 obicit,
983 2291 1130 2334 statim
1189 2291 1375 2345 apparet
1423 2289 1586 2332 collato
1634 2291 1719 2332 hoc

163 2365 388 2408 Plutarchi
432 2365 533 2408 loco
572 2364 665 2417 (vit.
700 2364 834 2406 Thes.
869 2375 906 2406 c.
940 2362 1044 2414 31):
1087 2365 1210 2410 αὐτὸς
1252 2360 1475 2413 (Theseus
1517 2360 1633 2413 scil.)
1675 2362 1720 2402 δὲ

162 2438 359 2492 Πειρίθῳ
387 2442 459 2490 τὴν
490 2440 726 2491 ὑπουργίαν
759 2435 998 2484 ἀποδιδοὺς,
1033 2437 1090 2481 εἰς
1122 2434 1390 2486 ”Ηπειρον
1422 2433 1719 2486 συναπεδήμη-

163 2524 235 2550 σεν
268 2512 335 2549 ἐπὶ
369 2513 440 2560 τὴν
483 2508 782 2554 Ἀιδωνέως
813 2508 1041 2559 θυγατέρα,
1086 2509 1175 2544 τοῦ
1206 2504 1515 2543 Μολοσσῶν
1565 2505 1719 2554 βασι-

161 2582 309 2628 λέως·
345 2584 388 2628 ὃς
429 2586 475 2634 τῇ
517 2584 684 2631 γυναικὶ
727 2578 1093 2631 Περσεφόνην
1136 2578 1274 2626 ὄνομα
1305 2575 1499 2626 θέμενός7
1531 2575 1720 2629 Κόρην

208 2731 239 2770 l)
261 2730 370 2762 Praei.
394 2738 426 2770 p.
453 2729 489 2761 10
502 2737 553 2769 sq.

1638 2829 1713 2870 101
