2174 3374
476 524 528 560 ex
579 511 749 555 Creusa
790 512 929 555 filium
971 512 1134 556 factum
1170 525 1284 565 esse,
1319 514 1512 557 Xuthum
1547 516 1693 557 tamen
1728 514 1881 566 Aeolo,
1916 515 2032 558 lovis

472 583 580 633 tilio,
615 585 764 625 natum
801 595 879 637 pro
913 584 1096 634 auxilio,
1130 585 1253 638 quod
1288 584 1639 628 Atheniensibus
1668 586 1710 627 in
1740 585 1859 628 bello
1880 588 2033 628 contra

475 651 861 696 Chalcodontidas
919 654 1148 697 Euboicos
1206 655 1316 706 tulit,
1365 653 1578 699 Creusam
1624 656 1667 698 in
1702 657 2030 700 matrimonium

473 724 707 778 accepisse
741 724 966 779 simulque
999 736 1184 780 regnum
1217 725 1388 768 Atticae
1422 722 1687 769 obtinuisse.

532 795 765 846 Quatenus
799 795 917 838 Ionis
951 796 1164 839 divinitas
1197 797 1253 839 ab
1288 798 1389 851 ipso
1424 797 1636 852 Euripide
1670 798 1921 853 excogitata
1963 798 2032 849 sit,

474 878 591 909 nunc
635 868 678 909 in
723 867 872 909 medio
917 867 1262 922 relinquendum
1307 857 1495 910 videtur.
1540 868 1682 911 Nemo
1717 869 1899 922 quidem
1933 870 2033 911 ante

473 937 733 993 Euripidem
783 939 898 986 hanc
942 938 1060 981 Ionis
1104 940 1322 994 originem
1358 939 1738 990 commemoravit,
1772 939 1852 981 sed
1886 941 2032 981 tamen

474 1009 557 1051 iam
606 1011 736 1052 antea
782 1008 1038 1063 Apollinem
1088 1010 1206 1053 lonis
1255 1012 1424 1064 patrem
1469 1010 1700 1053 audivisse
1735 1012 1921 1053 censent
1953 1009 2031 1052 Ed.

473 1081 625 1134 Meyer
644 1077 677 1134 1)
713 1082 754 1122 et
788 1080 1078 1135 Ermatinger.
1102 1077 1135 1132 2)

533 1150 618 1195 Res
666 1152 812 1192 autem
863 1153 957 1193 utut
1000 1162 1048 1194 se
1092 1151 1226 1194 habet
1261 1175 1315 1180 --
1358 1152 1453 1194 sive
1500 1151 1739 1206 Euripides
1782 1151 1902 1194 lonis
1944 1151 2033 1193 ori—

472 1222 621 1277 ginem
666 1222 863 1264 divinam
910 1222 1075 1264 creavit
1113 1222 1208 1264 sive
1238 1222 1324 1264 iam
1360 1223 1416 1265 ab
1451 1223 1552 1265 aliis
1601 1224 1792 1265 creatam
1826 1223 2034 1278 divulga-

471 1294 534 1335 vit
565 1316 621 1320 —
656 1293 765 1335 haec
808 1293 958 1335 versio
1002 1292 1246 1347 Euripidea
1283 1305 1527 1348 numquam
1568 1294 1731 1336 interiit
1763 1304 2033 1347 semperque

472 1365 582 1407 vixit
625 1364 668 1406 in
713 1364 945 1406 hominum
981 1365 1214 1413 memoria,
1258 1376 1346 1407 non
1387 1367 1535 1407 tamen
1567 1387 1624 1392 ——
1659 1376 1713 1407 ne
1747 1364 1868 1418 apud
1901 1364 2036 1407 Athe-

473 1436 655 1478 nienses
703 1436 886 1490 quidem
937 1459 986 1464 —
1040 1436 1300 1478 obscuravit
1347 1436 1637 1479 vetustiorem
1687 1435 1806 1478 illam
1854 1434 2033 1486 famam,

472 1518 587 1561 quae
636 1519 723 1549 non
773 1507 919 1549 solum
970 1506 1061 1549 Ioni
1107 1509 1275 1561 patrem
1321 1507 1551 1550 mortalem
1585 1507 1751 1557 tribuit,
1785 1506 1866 1549 sed
1901 1506 2031 1549 etiam

472 1577 622 1621 multis
655 1578 756 1620 aliis
790 1578 993 1632 partibus
1027 1578 1083 1620 ab
1113 1578 1355 1633 Euripidea
1385 1578 1607 1621 abhorret.
1654 1576 1832 1632 Operae
1860 1577 2034 1619 videtur

472 1650 660 1704 pretium
693 1649 841 1692 varias
874 1650 1121 1692 sententias
1154 1661 1431 1705 cognoscere
1460 1652 1593 1703 atque
1614 1649 1897 1704 investigare,
1917 1660 2033 1703 quos

470 1722 676 1763 auctores
710 1731 863 1763 secum
898 1721 1079 1763 traxerit
1112 1720 1365 1775 Euripides.

530 1792 702 1835 lnitium
736 1792 955 1835 faciamus
987 1803 1011 1834 a
1045 1791 1331 1843 Philochoro,
1366 1803 1388 1834 e
1418 1792 1546 1834 cuius
1573 1790 1753 1834 Atthide
1771 1791 1880 1833 haec
1901 1790 2033 1833 nobis

470 1864 665 1906 servavit
697 1853 1091 1918 Harpocrations.
1116 1875 1155 1906 v.
1189 1863 1440 1918 Βοηδρόμια
1472 1862 1604 1915 (Phil.
1648 1862 1696 1905 fr.
1738 1862 1837 1915 33):
1882 1863 2033 1917 ‘Eop‘mj

471 1951 527 1983 τις
569 1935 806 1987 Ἀθήνησιν
847 1937 953 1975 οὕῖω
994 1936 1255 1987 καλουμένη,
1299 1938 1349 1986 ἥν
1382 1950 1483 1987 φησι
1517 1935 1753 1988 Φιλόχορος
1785 1936 1831 1974 ἐν
1863 1933 2033 1988 δευτέρᾳ

470 2007 740 2058 νενομίσθαι,
784 2005 929 2057 ἐπειδὴ
971 2006 1074 2046 Ἴων
1117 2008 1139 2045 ὁ
1181 2006 1354 2046 Ξούθου
1396 2007 1610 2058 ἐβοήθησε
1652 2005 1815 2058 σπουδῇ
1858 2003 2032 2058 (πολλῇ)

469 2078 809 2129 πολεμουμένοις
847 2077 1084 2129 Ἀθηναίοις
1110 2079 1193 2116 1ὑπὸ
1220 2076 1460 2129 Εὐμόλπου
1488 2081 1558 2117 τοῦ
1586 2075 1869 2125 Ποσειδῶνος,
1891 2076 2033 2130 Ἐρεχ-

472 2150 581 2195 θέως
611 2149 927 2199 βασιλεύονῖος.

530 2218 650 2261 Η366
695 2219 816 2260 omni
862 2229 915 2261 ex
948 2220 1072 2272 parte
1106 2218 1162 2260 ab
1196 2220 1458 2273 argumento
1494 2217 1739 2272 Euripideo
1774 2217 2031 2272 discrepare

472 2290 617 2345 primo
651 2290 808 2332 obtutu
843 2291 1042 2344 apparet.

529 2360 604 2403 lon
639 2372 727 2403 non
761 2359 985 2414 Apolline,
1020 2360 1099 2402 sed
1132 2359 1281 2402 Xutho
1316 2361 1446 2402 natus
1480 2362 1569 2411 est;
1606 2371 1694 2402 non
1728 2359 1916 2410 Xuthus,
1950 2360 2030 2403 sed

471 2432 568 2486 ipse
601 2432 676 2474 Ion
712 2431 960 2473 Erechtheo
995 2431 1163 2473 auxilio
1192 2431 1334 2481 venit;
1365 2431 1661 2473 communiter
1688 2431 1854 2473 bellum
1875 2433 2033 2486 gerunt

470 2514 570 2544 cum
620 2502 857 2557 Eumolpo,
907 2514 996 2544 non
1045 2514 1145 2544 cum
1196 2500 1572 2545 Chalcodontidis
1621 2502 1849 2554 Euboicis,
1892 2504 1938 2544 ut
1986 2503 2029 2544 in

471 2573 699 2628 Euripidis
732 2573 929 2616 dramate
962 2571 1058 2628 (lon
1092 2573 1149 2616 59
1182 2570 1300 2627 sq.):

514 2676 543 2715 l)
567 2677 816 2716 Eorschungen
841 2685 902 2709 zur
923 2677 1013 2709 alten
1039 2676 1248 2710 Geschichte
1272 2676 1281 2708 l
1309 2676 1374 2708 145.

510 2729 543 2770 2)
568 2729 719 2776 Οἱε-Αίῑ.
742 2729 926 2762 Autochth.
951 2737 1034 2770 sage
1058 2729 1114 2762 bis
1138 2730 1197 2762 aut
1224 2730 1301 2762 Eur.
1328 2729 1385 2762 120
1408 2738 1458 2770 sq.

468 2833 526 2875 44
