2174 3374
630 949 1162 1004 PRAEFATIO.

180 1245 467 1300 Quamquam
502 1246 719 1289 scientiae
753 1247 1084 1301 mythologicae
1117 1246 1457 1288 fundamentum
1486 1244 1679 1287 solidum

123 1318 165 1359 et
208 1328 308 1359 aere
353 1318 598 1370 perennius
642 1318 840 1360 nondum
878 1317 1043 1372 jactum
1078 1318 1145 1359 est
1178 1318 1219 1358 et
1253 1317 1462 1371 dogmata
1495 1316 1549 1357 de
1583 1316 1682 1370 ipsa

123 1387 374 1441 mythorum
425 1387 613 1442 origine,
662 1388 941 1442 aliquamdiu
1006 1387 1319 1441 superstitiose
1380 1385 1511 1436 culta,
1580 1397 1682 1427 mox

124 1458 261 1512 impie
290 1457 482 1509 deserta,
501 1458 589 1500 alia
608 1459 695 1500 alia
715 1459 933 1512 deinceps
952 1459 1183 1512 excipiunt
1202 1455 1249 1509 l),
1278 1457 1364 1499 hoc
1383 1459 1528 1498 tamen
1550 1456 1683 1498 hodie

124 1528 245 1582 apud
279 1539 438 1570 omnes
470 1529 592 1571 viros
625 1530 786 1571 doctos
821 1530 863 1571 in
899 1529 1110 1571 confesso
1144 1530 1224 1579 est,
1258 1528 1458 1570 cuiusvis
1487 1527 1684 1581 quaesti-

125 1599 227 1641 onis
260 1598 596 1654 mythologicae
636 1600 909 1654 principium
945 1602 1079 1653 atque
1114 1599 1255 1654 legem
1292 1598 1546 1653 primariam
1584 1608 1683 1638 esse

125 1669 518 1724 investigationem
538 1671 797 1713 historicam
817 1671 1201 1713 accuratissimam
1221 1670 1419 1711 omnium
1440 1669 1685 1711 documen—

125 1742 285 1792 torum,
319 1752 514 1794 quorum
549 1742 795 1795 antiquitas
830 1742 1009 1796 copiam
1045 1741 1179 1782 nobis
1212 1740 1331 1782 facit.

187 1808 342 1864 Siquis
375 1811 419 1852 in
453 1811 600 1855 cultus
627 1812 696 1854 vel
726 1812 835 1854 ritus
863 1812 1097 1854 cuiusdam
1127 1822 1288 1853 arcana
1306 1811 1536 1853 recondita
1553 1812 1686 1863 atque

128 1882 305 1925 occulta
323 1884 554 1936 penetrare
574 1883 681 1934 vult,
705 1883 895 1938 primum
916 1883 1166 1936 mythorum
1186 1882 1344 1924 rudera
1371 1905 1427 1908 —
1456 1892 1591 1935 saepe
1611 1892 1689 1935 per

129 1952 310 2007 longam
356 1954 640 1996 saeculorum
685 1955 845 1997 seriem
890 1953 1171 1996 accumulata
1204 1977 1258 1981 —-
1298 1964 1413 2007 quae
1448 1953 1485 1994 ei
1520 1953 1600 1994 iter
1632 1953 1686 1994 ad

129 2034 304 2066 sacrum
335 2024 516 2078 adytum
545 2024 622 2076 (εἰς
642 2030 783 2079 μυχὸν
801 2025 972 2079 ἄντρου)
992 2025 1241 2076 obstruunt,
1261 2025 1386 2066 erunt
1404 2022 1688 2072 removenda,

129 2093 423 2148 seiungenda,
456 2096 791 2151 distinguenda.

188 2162 233 2205 ln
283 2177 373 2219 qua
420 2165 671 2209 fabularum
723 2166 1044 2220 disquisitione
1103 2167 1203 2207 ante
1252 2164 1404 2206 omnia
1452 2163 1561 2205 ratio
1610 2163 1689 2204 erit

132 2238 342 2282 habenda
368 2238 619 2292 temporum
645 2239 687 2279 et
714 2237 929 2279 locorum.
967 2236 1067 2278 Non
1097 2248 1232 2278 unum
1263 2235 1481 2276 habemus
1509 2233 1689 2275 Eumol-

132 2321 254 2364 pum,
298 2320 387 2351 non
432 2319 570 2351 unum
613 2306 895 2362 Apollinem:
925 2307 1175 2360 Eumolpus
1208 2305 1357 2347 Thrax
1390 2304 1522 2358 longe
1555 2304 1690 2345 distat

175 2459 205 2499 l)
227 2458 306 2492 Non
331 2458 448 2491 minus
471 2465 576 2498 quam
601 2458 735 2498 septem
760 2458 813 2489 vel
837 2458 918 2490 octo
943 2456 1118 2489 eiusmodi
1144 2456 1307 2495 dogmata
1331 2453 1469 2492 collegit
1488 2452 1514 2494 J.
1537 2451 1688 2484 Toutain

131 2512 167 2544 in
199 2511 289 2544 libro
322 2519 389 2544 suo
422 2511 657 2551 pulcherrimo
692 2510 927 2550 „Mythologie
962 2510 993 2541 et
1029 2508 1180 2540 Histoire
1211 2508 1274 2539 des
1299 2507 1477 2545 Religions
1500 2505 1692 2544 antiques”,

133 2572 166 2603 p.
187 2564 229 2596 33
251 2572 339 2604 sqq„
362 2564 420 2603 qui
445 2564 745 2596 enumerationem
770 2570 871 2595 suam
891 2563 1022 2601 optime
1046 2562 1096 2593 sic
1121 2560 1319 2592 concludit:
1340 2558 1504 2598 „Chaque
1529 2557 1690 2590 methode

107 2620 110 2622 “
135 2617 297 2649 nouvelle
331 2625 350 2649 a
383 2616 443 2650 fait
476 2624 625 2649 avancer
658 2617 702 2649 de
732 2616 903 2655 quelques
933 2623 998 2654 pas
1028 2615 1059 2646 la
1084 2612 1528 2652 science‘mytnologique;
1553 2611 1617 2642 elle
1641 2611 1691 2641 est

133 2670 290 2702 devenue
314 2669 430 2702 sterile
454 2669 518 2702 des
541 2670 666 2709 qu’elle
692 2678 711 2701 a
731 2669 837 2701 voulu
862 2667 1003 2707 s'eriger
1026 2675 1068 2699 en
1093 2666 1244 2706 systeme
1276 2667 1306 2697 et
1336 2665 1471 2696 excluse
1504 2664 1554 2695 les
1578 2664 1692 2695 autres

136 2721 351 2756 methodes.”

1671 2819 1686 2859 l
