2174 3374
451 505 621 559 quippe
671 504 745 557 qui
794 503 973 545 fabulae
1024 503 1251 557 Euripidis
1307 504 1613 557 argumentum
1664 503 1799 544 modo
1848 501 2012 552 atterat,

451 576 673 629 quatenus
718 574 862 628 ipsius
895 573 1059 616 Thesei
1095 585 1229 616 casus
1264 566 1523 616 continebat
1557 576 1689 627 atque
1725 574 1869 628 igitur,
1904 574 2013 628 quid

452 645 658 687 Medeam
703 645 757 686 ad
801 644 976 686 facinus
1021 644 1262 686 nefandum
1308 644 1545 698 impulerit,
1581 656 1735 698 parum
1771 646 1905 686 curet.
1940 642 2013 687 Sic

452 716 569 757 haud
616 715 758 770 magis
798 715 852 757 de
896 715 1085 757 Medeae
1131 715 1291 757 exsilio
1329 714 1397 756 vel
1431 714 1549 769 fuga,
1585 716 1825 768 postquam
1859 715 2013 757 dolum

452 787 673 829 detectum
720 796 819 828 esse
863 786 1068 836 narravit,
1114 786 1357 839 quicquam
1408 784 1672 828 Plutarchus
1716 786 1903 828 addidit.
1947 785 2013 828 De

451 858 613 900 Medea
647 857 755 899 nihil
790 857 985 911 amplius
1018 857 1239 907 audimus,
1269 856 1456 898 simulac
1487 857 1583 899 eius
1611 855 1869 910 Theseique
1897 857 2013 899 vitae

452 929 609 971 itinera
657 929 977 983 digrediuntur.
1030 927 1134 971 Utut
1184 929 1262 979 est,
1311 928 1407 970 sine
1458 927 1548 969 ullo
1598 927 1738 969 dubio
1788 929 1921 981 poeta
1970 928 2012 969 in

451 1000 679 1055 tragoedia
714 999 845 1053 plane
879 1001 921 1041 et
954 998 1151 1041 dilucide
1186 1010 1411 1053 exponere
1446 998 1615 1049 debuit,
1661 1010 1794 1052 quarn
1830 998 1888 1040 ob
1922 1010 2012 1040 rem
2063 998 2065 1002 ’

451 1071 614 1113 Medea
646 1072 733 1112 tam
768 1071 931 1112 acerbo
965 1071 1072 1112 odio
1103 1071 1145 1111 in
1174 1070 1398 1124 hospitem
1429 1070 1635 1112 iuvenem
1656 1069 1828 1112 arderet
1847 1068 2013 1123 quidve

452 1142 507 1184 ab
542 1153 595 1184 eo
629 1143 860 1195 tantopere
896 1143 1121 1192 metueret,
1157 1143 1201 1183 ut
1236 1142 1389 1194 utique
1424 1141 1521 1183 eius
1556 1142 1739 1183 mortem
1771 1141 2015 1194 concupis-

452 1215 582 1256 ceret.
627 1212 709 1254 Vix
753 1212 841 1254 ulla
885 1212 971 1254 alia
1004 1223 1141 1254 causa
1174 1212 1414 1266 excogitari
1452 1214 1612 1266 potest,
1648 1223 1780 1265 quam
1817 1211 1939 1266 quod
1975 1213 2016 1254 et

453 1284 552 1338 ipsa
599 1283 736 1325 tilium
788 1295 841 1325 ex
888 1282 1039 1337 Aegeo
1088 1282 1294 1333 habebat,
1345 1293 1477 1336 quem
1523 1285 1626 1336 post
1669 1283 1786 1337 regis
1829 1284 2014 1325 mortem

453 1366 636 1410 regnum
677 1355 963 1408 accepturum
1009 1364 1109 1396 esse
1153 1352 1377 1407 sperabat,
1413 1353 1482 1395 cui
1518 1355 1665 1395 tamen
1699 1365 1815 1396 nunc
1850 1353 2014 1396 Thesei

452 1426 646 1468 adventu
690 1425 844 1467 sellam
889 1425 1055 1480 regiam
1102 1426 1384 1479 praereptam
1427 1424 1512 1465 iam
1556 1424 1750 1467 videbat.
1772 1422 1804 1477 l)
1848 1424 2014 1468 Eadem

453 1496 622 1538 invidia
669 1496 875 1539 Medeam
926 1496 1168 1551 instigabat
1216 1496 1258 1537 in
1307 1495 1548 1537 Theseum.
1594 1507 1709 1549 quae
1754 1495 1920 1538 Liviam
1972 1496 2014 1539 in

452 1567 638 1623 Augusti
674 1570 876 1622 nepotes,
911 1566 1203 1622 Agrippinam
1241 1568 1283 1608 in
1319 1566 1639 1609 Britannicum.

513 1638 579 1681 De
607 1638 744 1694 Aegei
773 1638 865 1680 tilio
885 1650 938 1680 ex
957 1638 1119 1680 Medea
1138 1640 1352 1692 suscepto
1372 1640 1471 1680 ante
1492 1637 1750 1691 Euripidem
1772 1650 2014 1693 numquam

453 1709 676 1760 audimus,
711 1709 791 1751 sed
825 1709 946 1763 apud
981 1710 1172 1752 seriores
1206 1710 1389 1763 saepius
1422 1709 1493 1751 hic
1528 1711 1913 1761 commemoratur,
1947 1712 2016 1754 cui

454 1792 617 1823 nomen
636 1781 758 1822 Medi
779 1780 988 1823 tribuunt.
1011 1779 1083 1823 Sic
1105 1781 1295 1836 legimus
1315 1781 1434 1835 apud
1456 1780 1679 1835 Hyginum
1700 1779 1767 1832 (fr.
1782 1780 2016 1833 26initio):

456 1852 645 1903 „Medea
680 1849 896 1895 Corintho
931 1852 1030 1894 exul
1065 1851 1263 1894 Athenas
1296 1852 1352 1893 ad
1385 1851 1581 1906 Aegeum
1613 1853 1860 1896 Pandionis
1877 1853 2016 1895 filium

454 1924 633 1966 devenit
667 1923 709 1965 in
744 1923 989 1977 hospitium
1025 1923 1158 1977 eique
1194 1923 1358 1976 nupsit.
1394 1934 1447 1964 ex
1476 1935 1528 1966 eo
1559 1926 1688 1967 natus
1717 1926 1783 1967 est
1810 1922 2018 1967 Medus⁷’.

513 1994 697 2036 Medum
734 1994 865 2049 igitur
899 1994 1016 2036 hunc
1051 1994 1093 2035 in
1128 1993 1280 2049 Aegeo
1321 1993 1562 2048 Euripidea
1596 2007 1834 2049 personam
1869 1996 2017 2051 egisse

454 2067 642 2107 constat.
692 2063 780 2107 Sed
829 2076 929 2107 eum
979 2077 1067 2107 non
1117 2065 1262 2107 solum
1311 2077 1334 2107 a
1385 2068 1516 2119 poeta
1566 2066 1887 2117 inductum,
1937 2067 2017 2109 sed

455 2137 585 2179 etiam
621 2138 873 2179 creatum
909 2147 1009 2179 esse
1043 2136 1349 2178 demonstrare
1386 2148 1521 2191 posse
1557 2138 1661 2179 mihi
1692 2138 1861 2180 videor.
1894 2137 2020 2179 Anti-

456 2208 607 2261 quitus
641 2208 758 2250 enim
792 2207 954 2250 Medea
983 2219 1145 2249 nornen
1166 2219 1296 2250 suum
1317 2208 1495 2250 Mediae
1515 2210 1556 2269 et
1574 2208 1724 2253 Medis
1743 2209 2018 2263 imposuisse

455 2278 720 2322 tradebatur.
751 2278 895 2329 Quam
927 2278 1242 2334 etymologiam
1274 2290 1310 2321 e.
1331 2291 1371 2334 g.
1401 2279 1521 2334 apud
1548 2279 1823 2322 Herodotum
1844 2280 2018 2328 inveni-

456 2361 554 2392 mus
587 2349 674 2401 (VII
708 2349 812 2401 62);
847 2355 885 2390 οἱ
920 2350 963 2390 δὲ
996 2350 1139 2402 ΖὶΙῆόοι
1160 2384 1167 2392 .
1190 2384 1197 2392 .
1219 2383 1256 2392 ..
1292 2352 1516 2391 ἐκαλέοντο
1549 2352 1687 2391 πάλαι
1720 2355 1824 2405 πρὸς
1849 2353 2019 2391 πάνῑων

454 2422 608 2474 ”Ᾰριοι,
657 2423 916 2473 ἀπικομένης
963 2421 1004 2460 δὲ
1053 2421 1243 2474 ῙὶῙηὸείης
1286 2427 1351 2473 τῆς
1393 2422 1611 2474 Κολχίδος
1653 2424 1696 2471 ἐξ
1735 2418 1946 2474 Ἀθηνέων
1979 2423 2019 2469 ἐς

454 2495 546 2539 τοὺς
590 2489 747 2545 Ἀρίους
789 2495 956 2540 τούτους
987 2493 1228 2544 μετέβαλον
1259 2498 1330 2532 καὶ
1364 2496 1477 2532 οὗτοι
1511 2496 1553 2532 τὸ
1587 2495 1765 2544 οὔνομα.
1812 2491 2017 2533 Fortasse

455 2560 676 2604 Pindarus
704 2573 902 2616 quoque,
932 2562 1053 2616 apud
1083 2573 1215 2616 quem
1246 2561 1408 2605 Persae
1438 2574 1526 2604 non
1556 2562 1714 2615 Μῆδοι,
1735 2561 1814 2604 sed
1834 2562 2017 2614 Μήδειοι

500 2712 530 2751 1)
553 2713 619 2745 vid.
644 2711 746 2744 etiam
771 2712 890 2752 Mayer
914 2712 933 2744 1.
959 2712 978 2743 i.

457 2815 514 2858 60
