2174 3374
1004 924 1303 978 CAPUT
1366 923 1422 973 V.

770 1204 997 1249 Theseus
1030 1203 1162 1258 apud
1197 1200 1654 1256 Atthidographos.

498 1337 717 1386 Partibus,
747 1346 860 1390 quas
889 1334 1128 1388 Euripides
1156 1333 1279 1375 heroi
1308 1335 1462 1375 nostro
1491 1331 1748 1374 attribuerat
1781 1333 1994 1385 quantum

438 1410 609 1464 poterat
637 1407 851 1449 restitutis
875 1405 1140 1459 relinquitur
1168 1407 1214 1446 ut
1242 1404 1579 1458 investigemus,
1609 1414 1724 1456 quae
1748 1413 1802 1444 ex
1835 1401 1995 1444 iisdem

437 1479 602 1522 Thesei
636 1478 738 1520 fatis
771 1477 814 1518 in
848 1475 1304 1531 Atthidographorum
1339 1474 1542 1528 reliquiis
1576 1474 1751 1516 lateant.

498 1550 738 1598 Theseum,
768 1547 1066 1590 democratiae
1095 1557 1240 1588 acrem
1268 1545 1484 1587 fautorem
1515 1547 1557 1587 et
1578 1544 1848 1599 synoecismi
1869 1544 1997 1586 Attici

439 1621 735 1669 fundatorem,
794 1618 1021 1660 Atthidum
1081 1616 1378 1671 scriptoribus
1434 1616 1809 1671 gratiosissimum
1858 1615 1998 1657 fuisse

438 1692 786 1747 fragmentorum
846 1700 945 1731 eum
1004 1688 1300 1742 spectantium
1362 1686 1598 1729 multitudo
1658 1686 1837 1728 indicat.
1886 1683 1997 1728 Cum

441 1765 686 1805 ceterorum
715 1771 865 1815 regum
897 1760 939 1801 in
969 1758 1228 1801 Atthidibus
1255 1760 1329 1800 aut
1357 1757 1478 1800 nulla
1496 1759 1570 1800 aut
1589 1757 1814 1800 rarissima
1833 1756 2000 1799 mentio

440 1834 527 1883 fiat,
560 1832 907 1887 fragmentorum
942 1840 1153 1872 numerus
1186 1829 1295 1871 satis
1329 1839 1518 1884 magnus
1552 1828 1806 1870 etiamnunc
1834 1827 1999 1870 Thesei

440 1904 627 1959 gloriam
672 1902 913 1957 praedicat.
958 1899 1215 1942 Dolendum
1260 1901 1405 1941 autem
1440 1901 1507 1942 est
1540 1910 1618 1941 eos
1652 1909 1800 1950 casus,
1835 1898 2001 1952 quibus

442 1976 576 2018 heros
619 1974 661 2016 in
706 1984 843 2016 scena
886 1971 1129 2026 Euripidea
1171 1970 1430 2021 iactabatur,
1465 1970 1507 2011 in
1543 1969 1770 2012 chronicis
1804 1971 1879 2011 aut
1912 1980 2001 2010 non

442 2045 562 2100 tangi
599 2046 673 2087 aut
705 2046 792 2085 tam
827 2043 1002 2085 diverse
1037 2042 1244 2091 enarrari,
1279 2043 1324 2083 ut
1364 2040 1747 2095 comparationem
1783 2051 1882 2082 cum
1916 2041 2002 2081 tra-

443 2116 605 2171 goedia
636 2115 711 2156 vix
743 2113 988 2156 admittant.

502 2187 588 2229 lam
633 2185 824 2240 primum
869 2195 923 2226 ex
965 2182 1100 2238 Aegei
1135 2182 1314 2225 fabulae
1348 2183 1611 2237 argumento
1644 2180 1765 2236 apud
1798 2180 2004 2223 Atthido-

444 2258 641 2313 graphos
700 2255 808 2297 nihil
867 2254 1053 2296 omnino
1102 2254 1237 2296 hodie
1287 2253 1549 2307 reperimus,
1599 2252 1683 2295 nisi
1733 2252 1856 2306 quod
1906 2252 2003 2306 ipse

443 2327 619 2383 Aegeus
652 2327 1025 2370 commemoratur
1056 2323 1276 2376 (Phanod.
1309 2323 1358 2366 fr.
1392 2323 1494 2375 3a):
1528 2325 1677 2376 Αἰγεὺς
1709 2327 1731 2363 ὁ
1762 2323 2007 2371 Πανδίονος

443 2403 534 2446 υἱὸς
575 2400 820 2450 βασιλεύων
863 2394 1052 2449 Ἀθηνῶν
1094 2402 1220 2447 γαμεῖ
1261 2396 1415 2447 ijzav
1456 2401 1621 2449 πρῶτον
1668 2399 1739 2446 τὴν
1781 2395 2004 2446 ”Οπλητος,

446 2469 636 2522 δεύτερον
683 2469 940 2519 Χαλκιόπην
988 2467 1254 2520 “Ρηξήνορος.
1310 2464 1594 2518 Quamquam
1643 2464 1815 2506 Natalis
1862 2461 2005 2513 Com„

447 2536 522 2590 qui
558 2536 666 2578 haec
701 2534 838 2577 verba
872 2534 1008 2584 affert,
1043 2544 1094 2575 ea
1127 2544 1181 2575 ex
1215 2533 1316 2586 ipso
1351 2531 1643 2574 Phanodemo
1673 2532 1887 2587 petivisse
1917 2545 2005 2575 non

447 2607 642 2657 videtur;
679 2617 778 2647 nam
815 2615 1000 2659 prorsus
1034 2604 1190 2646 eadem
1225 2604 1411 2646 redeunt
1438 2602 1648 2656 Apollod.
1678 2602 1792 2647 ssibl.
1813 2603 1859 2645 llI
1882 2604 1947 2655 15,
1965 2604 2006 2647 6.

448 2676 581 2727 Quod
610 2680 756 2718 tamen
787 2675 893 2717 nihil
923 2674 1064 2723 refert,
1094 2674 1318 2727 siquidem
1349 2674 1458 2716 haec
1488 2674 1641 2727 utique
1671 2685 1724 2716 ex
1751 2673 2008 2717 Atthidibus

449 2794 507 2836 94
